2531 3394
202 176 215 178 -
286 135 374 177 ω
716 127 846 172 1111.
899 126 1047 174 Vm.
1115 116 1493 167 ANATOME
1540 88 1916 169 00011011.
2089 162 2115 169 r

950 248 993 305 §.
1029 249 1072 294 D
1093 246 1395 294 CCCLIX.
1504 249 1641 294 Varii.

275 408 277 411 ι
418 351 465 398 F.
489 351 779 399 BELLINGER
814 361 871 395 tr.
900 346 952 393 de
965 344 1065 407 fetu
1092 345 1286 396 nutrito,
1322 359 1373 389 or
1405 358 1431 388 a
1451 339 1661 402 discours}²
1686 345 1941 405 concerning
1965 340 2036 391 the
2059 349 2271 395 enitrition
2298 345 2353 409 of

287 415 356 464 the
368 416 488 478 fetus
524 419 569 461 in
590 412 660 460 the
684 412 816 461 womb
848 410 901 471 hy
928 426 1042 469 ways
1073 404 1258 453 lntherto
1289 404 1500 453 unknown
1529 405 1725 452 London
1748 419 1888 465 1717.
1921 408 1993 462 8.*
2057 409 2215 456 Fetum
2242 426 2341 457 non

288 480 348 527 ali
378 480 554 539 liquore
585 479 753 531 amnii,
793 476 869 536 qui
894 473 1005 520 acris
1028 469 1079 518 sit
1101 473 1142 517 &
1168 469 1380 517 urinofus
1399 504 1412 523 ,
1446 467 1519 515 sed
1559 486 1637 530 per
1670 470 1946 516 umbilicalia
1978 470 2095 519 vasa.
2162 474 2343 520 Deinde

279 540 471 591 “succum
500 544 688 588 laeteum
715 538 1036 599 cotyledonum
1070 534 1223 580 venire
1249 534 1304 579 ad
1329 532 1539 593 thymum
1555 567 1567 587 ‚
1606 535 1646 580 8<
1670 551 1748 594 per
1776 533 2010 594 proprium
2036 538 2341 583 excretorium

283 606 472 653 ductum
512 607 607 666 ejus
636 604 888 665 glandulae,
936 600 1350 646 communicantem
1383 600 1484 643 cum
1518 598 1743 644 maxillari
1777 598 1946 650 ductu,
2002 598 2053 643 in
2086 615 2135 644 os
2165 596 2341 647 effundi

283 672 325 717 &
354 669 580 731 deglutiri.
655 665 814 713 Ansam
842 665 950 711 huic
974 663 1184 723 opinioni
1213 659 1373 707 dediffe
1401 660 1601 714 videtur,
1632 661 1780 724 thymi
1802 662 1852 708 in
1876 659 1975 707 fetu
1992 661 2193 708 vitulino
2218 679 2342 725 mag.

282 734 476 787 uiuido,
509 742 562 779 111
591 731 867 777 maxillarem
899 727 1159 789 glandulam
1181 725 1400 785 adtingat.

413 813 671 872 Sebastianus
700 812 893 861 Minu,
934 807 1187 869 Chirurgus
1209 807 1417 853 Venetus
1452 804 1606 852 edidit
1633 806 1668 852 il
1697 804 1903 870 Chirurgo
1921 807 2132 870 fhegliato
2164 798 2340 857 Venez.⁸

284 888 419 935 1717.
441 877 521 936 4*
554 892 645 936 quo
669 874 798 920 etiam
822 884 1029 919 anatome
1055 871 1330 919 continetur.

413 959 487 1018 EJ.
526 959 636 1002 Arte
662 955 822 1001 medica
849 955 1078 1013 esaminata
1101 954 1159 1000 da
1176 953 1274 1010 suoi
1298 955 1504 1013 principii
1536 951 1707 997 Venez.
1732 963 1865 1010 1721.
1890 959 1931 1006 8.
1967 953 2160 1002 2.Vol.*
2191 955 2340 1003 Prima

280 1037 383 1082 pars
416 1021 568 1067 laudes
603 1019 692 1065 fere
732 1019 967 1064 medicinae
1007 1020 1048 1065 &
1081 1015 1361 1079 potiffimum
1394 1014 1632 1076 chirurgiae
1675 1016 1910 1069 continet,
1965 1032 2070 1063 cum
2099 1021 2341 1067 nonnullis

276 1084 541 1144 chirurgicis
573 1082 984 1129 observationibus.

407 1166 481 1226 EJ.
523 1165 640 1212 Delle
657 1164 789 1226 flstole
817 1162 1033 1210 lacrimali
1056 1162 1091 1208 il
1104 1175 1187 1224 pro
1212 1179 1233 1207 e
1262 1172 1412 1208 contra
1447 1161 1618 1207 Venez.
1646 1173 1778 1220 1740.
1807 1159 1886 1214 8.*
1917 1161 2174 1210 Anatomen
2201 1164 2339 1210 etiam

275 1230 366 1283 dat,
393 1232 434 1276 &
466 1229 659 1289 figuram
691 1230 1030 1274 RIANCHIANAE
1058 1225 1269 1277 similem,
1307 1242 1410 1271 cum
1434 1227 1616 1272 valvula
1644 1227 1682 1272 8<
1703 1224 1999 1273 infundibulo
2025 1227 2186 1275 duetus
2217 1226 2343 1274 nasa-

275 1294 345 1341 lis.
414 1295 584 1340 Pune'ta
614 1293 871 1338 lacrumalia
894 1292 1140 1352 aliquando
1170 1291 1297 1335 nulla
1320 1287 1460 1335 fuiffe.

399 1394 506 1440 Una
535 1390 696 1438 excusa
723 1390 782 1436 est
817 1389 1031 1448 Francifci
1053 1391 1385 1436 SIGNOROT'H
1416 1400 1575 1434 contra
1600 1389 1872 1437 ANELLJUM
1897 1387 2148 1442 accusatio,
2179 1392 2228 1436 in
2249 1407 2338 1451 qua

273 1460 418 1506 multa
449 1457 705 1502 anatomica
741 1471 838 1500 non
869 1471 972 1500 vera
1014 1453 1067 1498 de
1100 1455 1381 1512 receptaculo
1418 1450 1567 1498 nescio
1602 1468 1694 1512 quo
1732 1454 2184 1500 lacrumarum'intra
2213 1456 2338 1515 glan-

277 1522 445 1573 dulam,
475 1522 515 1565 &
545 1521 851 1565 lacrumarum
872 1534 950 1577 per
974 1519 1140 1576 puncta
1167 1517 1303 1562 exitu.
1374 1517 1560 1562 Titulus
1585 1516 1671 1569 est,
1712 1517 2022 1577 irfformazione
2047 1517 2106 1562 ad
2133 1534 2216 1563 uno
2240 1518 2336 1564 dell’

276 1587 509 1632 anatomici
538 1583 584 1628 di
604 1585 757 1645 Parigi
778 1593 926 1629 contro
945 1579 1103 1639 Monsn
1129 1584 1283 1628 ANEL.
1353 1579 1509 1627 Exstat
1531 1596 1633 1627 cum
1657 1578 1797 1640 hujus
1818 1581 1907 1626 viri
1938 1581 2203 1627 collectione
2241 1582 2338 1633 Tu-

273 1651 361 1709 rin.
391 1659 526 1707 1713.
551 1643 630 1705 4*

399 1749 568 1809 EJUsD.
612 1751 674 1793 La
699 1762 910 1794 commare
938 1745 1143 1791 levatrice
1168 1745 1336 1804 {strutta
1359 1744 1463 1790 nella
1476 1742 1556 1801 fito
1579 1742 1712 1801 offizio
1749 1742 1920 1789 Venez.
1948 1754 2081 1801 1750.
2098 1740 2196 1802 4.*,
2232 1760 2337 1804 quae

276 1811 416 1859 editio
446 1812 577 1858 tertia
605 1810 677 1856 est.
748 1811 893 1856 Prima
920 1812 1041 1855 anno
1061 1819 1175 1865 1721
1194 1841 1205 1860 ‚
1229 1806 1421 1854 secunda
1448 1809 1620 1854 Patavii
1641 1823 1762 1852 anno
1781 1818 1914 1863 1737.
1937 1808 2118 1866 prodiit.
2177 1808 2282 1853 Pars
2295 1808 2334 1855 I.

271 1877 572 1922 anatomicam
605 1877 645 1920 &
687 1872 1039 1934 physiologicam
1075 1871 1311 1918 historiam
1351 1871 1548 1931 partium
1595 1871 1859 1930 genitalium
1898 1870 2133 1923 continet,
2181 1873 2338 1918 multis

275 1955 379 1987 cum
407 1936 636 1985 verficulis
658 1972 670 1990 ‚
706 1940 743 1983 8<
774 1938 859 1997 piis
883 1936 1042 1996 partim
1064 1969 1076 1989 ,
1114 1935 1275 1995 partim
1297 1936 1429 1981 etiam
1455 1933 1627 1980 lascivis
1655 1931 1778 1994 quafi
1797 1931 2007 1979 flosculis.
2076 1934 2335 1994 Hymenem

276 2013 414 2064 negat
438 2018 492 2047 ex
518 2013 688 2047 naturae
714 2003 956 2047 voluntate
987 1999 1186 2059 reperiri.
1257 2000 1451 2046 Uterum
1482 1999 1719 2058 gravidum
1744 1997 1884 2043 linteo
1913 2013 2011 2042 11011
2049 1997 2130 2043 0110
2158 1996 2335 2043 craffio-

269 2083 380 2115 rem.
449 2066 622 2112 Verum
650 2065 745 2110 dari
786 2063 936 2110 semen
960 2061 1234 2109 femininum
1255 2096 1267 2114 ,
1308 2061 1536 2107 diversum
1572 2078 1596 2107 a
1628 2075 1762 2107 muco
1786 2061 1899 2106 circa
1933 2061 2105 2106 exitum
2134 2060 2333 2107 urethrae

274 2142 419 2182 nat03
468 2128 618 2175 semen
648 2126 895 2174 masculum
924 2127 1102 2173 acidum
1125 2125 1232 2178 effe,
1262 2124 1534 2171 femininum
1567 2126 1855 2176 alcalinums‘
1873 2140 1927 2170 ex
1954 2122 2130 2169 fervore
2164 2123 2331 2170 horum

271 2193 429 2240 salium
454 2206 630 2238 motum
658 2194 699 2238 &
725 2193 1063 2237 incrementum·
1083 2188 1195 2236 fieri.
1266 2191 1424 2236 leones
1446 2191 1642 2235 collectae
1667 2190 1709 2235 ἃ
1734 2190 1876 2234 malae.
1945 2188 1993 2233 L.
2012 2187 2095 2232 lv.
2126 2187 2180 2234 de
2200 2204 2332 2234 mon-

271 2256 370 2304 stris
396 2258 486 2317 agit
513 2258 553 2302 ἃ
578 2253 695 2302 fallis
724 2256 1017 2315 germinibus.
1085 2255 1236 2314 Negat
1254 2265 1408 2313 partus
1437 2254 1653 2299 tubarios.

406 2355 606 2416 Giufi’ppe
632 2359 787 2401 Maria
808 2354 1020 2400 VIDUSSI
1056 2356 1209 2397 motivi
1236 2352 1283 2397 di
1314 2351 1516 2397 dubitare
1549 2355 1721 2397 intorno
1746 2349 1791 2395 la
1805 2354 2077 2410 generatione
2093 2350 2145 2396 de
2166 2354 2334 2397 viventi

264 2418 457 2483 senfiti‘vi
483 2418 664 2476 secondo
689 2418 732 2463 la
759 2434 971 2463 commune
996 2419 1185 2475 opinione
1211 2414 1275 2459 de'
1300 2414 1493 2460 moderni
1528 2415 1566 2459 V
1573 2429 1694 2459 enez.
1723 2426 1853 2470 1717.
1892 2412 1998 2459 12)*ν
2064 2413 2329 2475 Theologus

276 2486 593 2531 ARJSTOTELI
626 2481 843 2530 adalinus,
869 2477 1070 2524 defendit
1096 2478 1432 2537 generationem
1460 2494 1513 2522 ex
1533 2479 1653 2536 putri
1681 2478 1882 2529 materia,
1919 2479 1967 2522 in
1991 2494 2124 2537 quam
2138 2475 2330 2523 fermen-

274 2549 389 2594 tatio
409 2544 669 2591 introdueta
682 2542 735 2588 111
749 2560 823 2601 per
840 2544 1158 2601 heterogeneas
1183 2542 1230 2586 in
1255 2549 1353 2587 aere
1375 2541 1679 2587 obvolitantes
1699 2541 1956 2601 particulas,
1995 2543 2228 2588 materiam
2245 2538 2330 2585 dis-

275 2622 498 2671 ponentes
516 2608 570 2653 ad
596 2605 897 2665 recipiendam
923 2603 1115 2649 formam
1131 2603 1463 2650 substantialem
1489 2603 1658 2650 insecti.
1729 2608 2014 2664 Argumento
2038 2605 2186 2651 utitur
2205 2620 2228 2648 a
2255 2620 2328 2663 pe-

275 2674 459 2725 diculis,
510 2688 535 2717 a
572 2670 801 2716 vermibus
839 2669 956 2714 natis
991 2669 1038 2713 in
1082 2668 1270 2727 pyxide,
1327 2669 1375 2713 in
1412 2685 1497 2728 qua
1542 2669 1669 2728 panis
1701 2668 1964 2714 benedictus
2001 2667 2322 2724 conservetur,

275 2754 301 2783 a
325 2735 554 2782 vermibus
586 2731 931 2779 cruciformibus
970 2733 1086 2777 natis
1119 2747 1143 2776 a
1170 2730 1318 2777 musca
1350 2730 1531 2777 roliseca
1551 2766 1562 2784 ‚
1599 2748 1624 2777 a
1651 2731 1885 2779 vermibus
1905 2729 2123 2776 morbosis
2149 2731 2323 2776 animu-

274 2802 385 2849 lium
403 2832 413 2850 ,
452 2800 529 2857 qui
552 2800 710 2857 utique
738 2813 835 2841 non
855 2794 1021 2855 poffint
1050 2811 1103 2839 ex
1134 2796 1394 2853 parentibus
1421 2797 1517 2841 nati
1550 2795 1643 2841 effe.
1714 2797 1877 2841 Ovum
1907 2793 2162 2839 humanum
2188 2789 2344 2854 negat

274 2862 478 2920 unquam
504 2874 623 2906 certo
656 2858 802 2905 visum
826 2859 937 2905 effe..
1006 2856 1225 2904 Defendit
1264 2856 1416 2903 semen
1454 2858 1724 2905 femininum
1753 2860 1793 2905 &
1819 2855 2043 2904 miscelam
2078 2855 2316 2905 seminum.

273 2922 498 2973 Adversus
527 2924 886 2988 NIGRlsOLIUM
913 2926 954 2970 δε
978 2923 1343 2969 VALlsNEmUm
1370 2934 1559 2983 pugnat,

2141 3002 2327 3067 Ludwig
