2531 3394
220 92 348 145 ‘695
649 87 783 135 LIB.
833 89 926 135 IX.
992 84 1402 135 ANATOMES
1451 83 1926 153 PERFECTIO.·

386 181 640 245 Respondit
661 183 703 246 J.
725 185 773 231 F.
795 186 985 232 MAYER
1009 185 1058 230 in
1078 186 1282 229 Antmort
1303 180 1389 240 auf
1405 179 1474 226 die
1499 180 1787 242 Herwigifi·he
1796 184 2056 245 sogenannte
2073 181 2220 231 wahre
2230 184 2306 239 Be·
2334 237 2337 240 ,

246 245 502 309 schreibung
524 265 640 308 zwey
665 265 722 294 an
750 248 955 295 einander
973 246 1258 310 gewathsener
1283 243 1447 290 Kinder
1480 242 1665 289 Franks.
1696 257 1832 302 1772.
1870 248 1946 300 8.*

387 327 684 392 Erfahrungen
711 319 810 377 *und
849 320 1216 389 Untezfitehzmgen
1246 326 1352 373 iiber
1383 325 1464 371 den
1487 313 1719 384 Menschen
1750 326 1904 381 Berlin
1928 337 2063 385 1772.
2092 333 2135 382 8.
2203 328 2311 374 Pars

257 390 565 453 physiologica
586 395 640 440 ad
663 392 816 440 sensus
840 406 1051 440 externos
1074 391 1319 450 pertinens.
1384 390 1654 448 Plerumque
1677 390 2062 440 CONDILLACUM
2090 389 2306 451 sequitur.

387 474 643 537 Aazzfieifimg
675 492 758 523 zur
797 470 1225 532 Wundaraneykunst
1267 469 1375 519 nach
1407 470 1500 516 dem
1540 467 1838 531 Lehrgehiiude
1878 470 1957 516 der
1988 487 2161 517 neuern‘
2195 474 2310 533 Riga

262 548 402 594 1772.
433 539 507 591 8.*
551 541 708 599 ‘Opus
741 540 807 584 Cl.
831 542 988 589 AL1X,
1033 548 1084 581 ut
1110 537 1224 595 lego.
1295 537 1381 581 Pro
1411 534 1610 594 partium
1638 532 1914 580 insensilium
1943 536 1983 580 ἃ
2006 535 2309 587 irritabilitate

260 600 574 649 destitutarum
600 600 804 648 claffibus
833 617 935 647 vere
961 598 1245 645 constitutis.
1785 601 1787 603 ’

393 684 449 729 111
475 684 758 730 LAMBERT’S
784 685 993 742 Beytriige
1014 680 1066 726 T.
1086 680 1166 725 ΠΙ.
1204 679 1357 726 Berlin
1380 690 1516 738 1772.
1540 685 1582 732 8.
1619 678 1939 725 adnotationes
1969 677 2076 726 sunt
2109 679 2166 725 ad
2194 679 2312 736 vires

262 746 557 794 morientium
578 781 591 801 ,
631 749 672 793 &
702 744 1003 806 superstitum.
2264 756 2267 759 ·

939 844 983 902 ς.
1020 844 1364 895 MCCLXX.
1471 845 1614 908 Belgae.

388 949 435 1000 J.
465 944 502 991 le
523 945 749 998 FRANCQ
765 961 809 989 v.
830 941 1075 991 BERKHEY
1103 943 1360 1002 natumlyke
1386 941 1552 1003 historie
1566 960 1655 987 van
1679 941 1870 988 Helland
1894 943 1948 989 T.
1962 943 1997 988 I.
2035 941 2316 989 Amsterdam

265 1021 402 1067 1772.
430 1008 504 1062 8.*
569 1008 674 1053 Pars
699 1008 849 1066 aliqua
875 1006 1166 1067 physiologiae
1191 1006 1388 1053 historiae
1414 1006 1680 1070 animalium
1705 1007 2012 1065 praemittitur.
2082 1007 2315 1052 Irritabili-

262 1085 331 1120 tas
376 1074 417 1118 &
443 1082 593 1117 motus
613 1070 667 1116 ab
690 1087 740 1116 ea
771 1071 1017 1130 produitus
1033 1105 1046 1124 ,
1083 1071 1138 1118 fit
1162 1083 1322 1130 praeter
1347 1071 1630 1116 voluntatem
1648 1103 1660 1122 ,
1698 1081 1751 1116 ut
1772 1068 2052 1115 sensibilitas.
2101 1071 2312 1115 Omnino

262 1152 420 1182 omnes
450 1136 648 1193 corporis
690 1147 835 1194 partes
868 1132 1046 1180 sentire.
1134 1135 1307 1180 Contra
1347 1133 1688 1179 evolutionem:
1732 1150 1810 1191 pro
1837 1131 2005 1178 semine
2030 1149 2085 1178 ex
2113 1145 2312 1191 utroque

261 1211 447 1260 parente
487 1197 692 1243 deciduO.
785 1199 959 1244 Contra
996 1199 1108 1258 pulli
1148 1199 1197 1243 in
1241 1197 1396 1243 matris
1440 1196 1595 1246 ovatio
1635 1195 1919 1256 praesentiam
1955 1196 2066 1242 mira
2103 1197 2312 1256 objefflo.

261 1261 500 1310 Monstra:
537 1259 569 1306 si
599 1277 690 1306 una
712 1262 912 1321 corporis
939 1263 1160 1321 particula
1181 1258 1422 1306 deformari
1443 1258 1613 1318 potest,
1648 1259 1830 1320 poffunt
1859 1274 2033 1306 omnes.
2118 1260 2174 1305 In
2202 1258 2314 1319 phy-

261 1324 447 1384 fiologia
481 1324 744 1370 animalium
793 1326 1002 1383 pulmoni
1032 1327 1249 1370 alternam
1289 1324 1600 1370 dilatationem
1643 1326 1685 1370 &
1725 1321 2096 1383 compreffionem
2136 1323 2312 1369 tribuit.

264 1389 503 1449 Cujusque
524 1388 728 1434 animalis
758 1389 907 1448 aliqua
926 1422 938 1441 ,
974 1389 1147 1441 brevis,
1182 1398 1406 1433 anatome.
1428 1390 1433 1395 “

392 1469 446 1514 111
465 1469 520 1514 T.
541 1469 623 1514 ΠΙ.
655 1467 789 1515 habet
810 1469 1012 1528 exempla
1036 1468 1276 1514 hominum
1300 1465 1625 1520 fecundorum,
1658 1467 1973 1527 proportiones
1997 1467 2311 1528 gemellorum,

263 1533 636 1593 tergeminorum,
663 1534 705 1578 &
736 1532 1185 1593 quadrigeminorum
1213 1532 1268 1577 ad
1292 1530 1411 1577 fetus
1437 1529 1676 1577 solitarios.

391 1618 537 1661 Pieter
557 1630 647 1659 van
671 1614 798 1659 ESCH
821 1618 957 1674 eenige
980 1612 1245 1674 heellcondige
1265 1615 1628 1672 waarneemingen
1652 1630 1700 1658 en
1721 1611 2118 1674 konsthewerkingen
2150 1613 2316 1659 Gouda

267 1688 405 1736 1772.
430 1676 507 1730 8.*
574 1677 832 1723 Veteranus
863 1676 1114 1738 chirurgus.
1183 1679 1253 1723 De
1271 1674 1468 1722 insensili
1492 1687 1653 1721 natura
1675 1676 1943 1728 tendinum,
1992 1693 2066 1722 eos
2095 1677 2314 1737 cartilagi-
2379 1722 2387 1724 -

262 1758 376 1788 neos
402 1740 530 1787 vidit.
601 1740 786 1786 Cerebri
814 1741 1032 1787 denudati
1068 1752 1235 1787 motus.
1302 1740 1488 1799 Digitus
1518 1737 1805 1792 conferbuit,
1839 1740 1918 1799 qui
1949 1756 2061 1799 pene
2093 1752 2219 1786 totus
2248 1756 2314 1786 rc-

263 1804 408 1851 sectus
433 1805 486 1850 de
500 1803 653 1865 gracili
671 1802 748 1850 filo
772 1805 1009 1864 pendebat.
1080 1805 1348 1851 Anatomica
1362 1800 1601 1861 descriptio
1614 1819 1852 1856 venarum,
1879 1820 1979 1862 quae
2000 1801 2134 1849 secari
2150 1801 2312 1851 solent.

396 1887 448 1932 A.
469 1887 764 1932 BALTHASAR
794 1884 1038 1947 pathologia
1069 1884 1391 1946 chirurgicalis,
1429 1901 1478 1931 ον
1510 1874 1777 1945 heellzondige
1806 1882 2057 1932 ziektkonde
2089 1902 2147 1931 na
2172 1884 2222 1930 de
2236 1897 2318 1946 pa·-

266 1947 452 2010 thologia
479 1948 736 1994 medicinalis
756 1966 844 1995 van
866 1950 1088 1996 GAU131US
1122 1950 1243 1995 Leid.
1268 1959 1402 2006 1772.
1434 1946 1511 2000 8.*
1578 1949 1726 1994 Multa
1755 1945 2074 2007 physiologica.
2144 1949 2226 1994 Vis
2250 1949 2316 1994 vi-

268 2013 372 2059 talis
400 2031 413 2064 3
464 2013 742 2058 irritabilitas
774 2011 827 2058 fit
851 2014 1138 2072 perceptione
1162 2010 1505 2072 impressionum
1535 2023 1849 2064 externarum,
1895 2013 1936 2057 &
1967 2028 2063 2056 earn
2104 2009 2316 2070 sequente
2387 2009 2390 2014 ’

269 2078 595 2122 contraffione.
665 2075 865 2121 Testium
896 2075 1004 2122 situs
1031 2078 1078 2120 in
1103 2074 1224 2127 fetu,
1260 2076 1309 2120 in
1331 2074 1517 2119 homine
1547 2076 1718 2122 adulto.
1789 2073 2314 2134 Globulosssanguineos

270 2137 351 2185 effe
385 2139 576 2198 adipem.
646 2139 741 2184 Fila
772 2137 1005 2199 sanguinis
1032 2142 1150 2185 inter
1181 2140 1399 2184 elementa
1427 2138 1598 2200 recipit.
1687 2139 1961 2198 Sanguinem
1992 2154 2087 2183 non
2125 2139 2174 2183 in
2203 2139 2317 2196 lyrn-

267 2201 404 2262 pham
432 2202 620 2252 mutari,
656 2218 800 2261 neque
826 2201 1028 2249 vicissim.
1097 2202 1359 2249 Coriaceam
1383 2202 1572 2249 crustam
1600 2214 1753 2249 tamen
1782 2199 1862 2247 effe
1893 2200 2201 2248 densationem
2218 2217 2317 2262 par-

267 2268 385 2313 tium
407 2264 637 2326 sanguinis
667 2264 925 2312 solidarum.

935 2345 981 2402 §.
1018 2348 1389 2395 MCCLXXI.
1491 2347 1610 2394 Itali.

398 2446 560 2491 Ληΐου.
587 2445 779 2490 SCARPA
808 2442 858 2488 de
868 2444 1086 2504 strubi'um
1100 2445 1286 2505 fenestrae
1308 2444 1502 2491 rotundae
1527 2442 1585 2500 ἓξ
1608 2443 1658 2489 de
1683 2456 1881 2505 tympano
1905 2442 2161 2501 secundario
2184 2443 2317 2502 obser-

270 2511 463 2553 vationes
489 2511 731 2553 anatomicae
766 2509 967 2552 Modena
987 2520 1119 2564 1772.
1150 2508 1226 2562 8.*
1293 2509 1453 2569 Magni
1484 2509 1648 2554 laboris
1685 2525 1811 2567 opus.
1881 2509 2050 2567 Sco-pus
2084 2508 2144 2554 est
2172 2508 2316 2554 osten-

271 2571 402 2623 dere,
440 2570 641 2616 fenestrae
666 2570 875 2616 rotundae
896 2586 1078 2629 magnas
1105 2573 1153 2616 in
1177 2571 1334 2617 auditu
1360 2584 1508 2631 partes
1530 2570 1636 2624 effe,
1677 2572 1799 2630 quod
1821 2572 2003 2630 quidem
2030 2588 2083 2616 ex
2105 2581 2314 2616 anatome

273 2647 531 2693 comparata
554 2650 715 2693 magna
741 2649 847 2679 cura
872 2634 1077 2678 instituta
1111 2634 1284 2680 ostendi
1312 2634 1466 2694 sperat.
1539 2635 1810 2681 Membrana
1840 2633 1977 2693 hujus
2007 2632 2206 2678 fenestrae
2237 2633 2315 2678 ob-

273 2698 396 2756 lique
426 2696 600 2747 sursum
628 2699 677 2743 in
707 2695 864 2742 scalam
889 2697 1095 2756 tympani
1119 2695 1161 2742 se
1181 2698 1401 2750 inmittit,
1436 2713 1489 2744 ut
1519 2700 1559 2743 &
1594 2700 1814 2744 continuo
1845 2697 2008 2742 arctior
2029 2695 2124 2748 fiat,
2159 2698 2316 2741 &ver-

272 2759 347 2806 sus
373 2774 639 2820 tympanum
664 2761 712 2805 in
741 2761 953 2806 umbonis
979 2759 1167 2819 speciem
1204 2762 1411 2807 emineat.
1482 2763 1536 2806 111
1566 2763 1718 2806 canale
1749 2761 1899 2820 potius
1930 2760 2072 2818 poni,
2111 2775 2246 2818 quam
2267 2760 2317 2805 in

274 2821 513 2875 foramine,
582 2822 782 2870 Censura
802 2840 984 2875 eorum,
1024 2839 1122 2882 quae
1150 2823 1304 2868 dehac
1334 2823 1522 2870 fenestra
1538 2823 1774 2883 hucusque
1800 2822 1959 2881 scripta
1981 2820 2101 2868 sunt.
2171 2827 2315 2868 ALBI-

275 2892 391 2941 JNUM
417 2890 528 2932 male
556 2888 815 2934 circularem
847 2885 1046 2946 pinxisse.
1116 2887 1290 2931 Cavum
1318 2899 1587 2947 tympanum
1620 2903 1753 2932 muco
1789 2901 1882 2929 non
1910 2886 2082 2944 repleri.
2151 2885 2207 2931 In
2236 2885 2318 2931 ho-

274 2950 397 2997 mine
421 2949 572 2997 adulto
605 2955 733 3011 (non
761 2950 944 3011 quidem
974 2951 1024 2999 in
1053 2948 1181 3006 fetu)
1218 2948 1454 2998 fenestram
1481 2951 1726 3000 rotundam
1763 2947 2071 2998 membranam
2109 2948 2317 3010 tympani

2182 3010 2317 3073 respiq
