2531 3394
302 109 395 161 364
684 98 825 156 LIB.
861 96 971 150 nr.
1046 91 1467 144 ANATOMES
1500 75 1967 143 'frux-:eno

300 197 545 247 abdomine
568 194 686 243 fetus
707 194 935 249 habitare,
967 191 1108 241 serius
1141 192 1198 239 in,
1227 187 1427 237 scrotum
1471 187 1735 236 descendere
1759 190 1957 238 vidimus
1975 225 1988 244 ‚
2037 191 2079 237 &
2108 187 2353 250 aliquando

301 264 605 324 peritonaeum
627 259 849 307 foramine
874 256 1084 320 patuifl'e,
1120 271 1198 316 per
1222 254 1348 315 quod
1372 253 1493 301 testis
1527 253 1683 300 exiret.
1759 248 2025 313 Accuratius
2059 253 2156 300 haec
2191 251 2357 309 Johan-

301 344 374 374 nes
395 327 633 379 HUNTER,
673 323 887 375 Guilielmi
919 321 1055 368 frater
1083 317 1316 380 exposuit,
1334 375 1337 379 r
1357 317 1533 366 addidit
1549 351 1562 371 ,
1601 329 1655 363 ut
1677 316 2068 379 debilislcellulosa
2090 320 2178 365 tela
2202 316 2353 370 cedat.

305 389 464 438 testem
491 390 802 442 transmittat,
838 387 1139 448 peritonaeum
1169 400 1280 432 vero
1315 381 1450 443 supra
1476 378 1716 429 transitum
1749 379 2005 434 confirmet.
2085 383 2196 429 Haec
2221 379 2357 427 bonis

242 506 247 510 ἱ
305 454 519 502 iconibus
541 453 767 515 exprimit.
836 452 946 498 Alite
968 448 1288 496 adnotationes
1312 448 1446 495 utiles
1475 444 1782 493 intercedunt.
1850 445 1987 491 Fetus
2018 445 2069 491 in
2093 446 2204 501 tuba
2227 443 2358 491 fallo-

307 520 468 580 piana,
499 520 541 565 &
566 515 739 565 funesta
755 513 1099 573 haemorrliagia.
1167 513 1225 560 In
1242 522 1372 558 utero
1391 523 1485 557 erat
1502 509 1761 556 membrana
1783 507 1996 562 decidua,
2033 520 2137 569 quae
2147 509 2264 556 uteri
2281 506 2350 554 fit.

305 582 525 630 Hunc-de
550 581 719 627 herniis
740 579 993 640 congenitis
1014 577 1216 624 libellum
1232 576 1405 622 Gallice
1424 574 1565 621 vertit
1592 574 1650 620 G.
1675 574 1951 626 ARNAULD,
1987 573 2030 619 δι
2054 575 2105 619 in
2125 573 2180 619 T.
2195 573 2237 619 Ι.’
2257 570 2360 619 suo-

306 663 412 694 rum
434 650 664 694 Memoires
689 641 896 690 recusum
921 642 1046 688 dedit
1080 641 1277 688 London
1308 645 1442 698 1768.
1477 636 1559 697 4.*

439 730 655 775 Secutum
674 725 734 772 est
749 742 785 771 a.
811 730 944 782 1764.
974 723 1245 785 Supplement
1267 733 1311 768 to
1335 718 1403 767 the
1414 721 1513 783 first
1535 730 1647 781 part
1664 717 1719 779 of
1734 717 1919 765 medical
1936 720 2257 765 commentaries
2279 713 2362 776 4*

308 793 699 839 HALLERIANUM
734 789 856 836 testis
891 789 945 833 de
977 788 1230 844 abdomine
1249 787 1421 831 exitum
1450 785 1700 830 PoTTmM
1723 780 1805 828 fibi
1828 781 2051 836 tribuiffe‚
2087 780 2131 828 se
2159 779 2257 827 haec
2282 781 2365 827 du-

312 856 425 902 dum
451 858 585 902 etiam
612 851 820 899 docuiffe.
887 853 1059 898 lterum
1085 851 1139 897 de
1170 852 1249 897 lite
1280 848 1611 897 MONROANA.
2078 852 2080 854 ’

443 939 499 984 ln
531 919 714 982 medical
747 934 1035 994 obftrvcctions
1068 933 1120 994 of
1142 952 1168 978 a
1179 934 1337 991 society
1373 927 1673 992 ofphyficians
1703 938 1750 974 at
1775 926 1953 980 London
1989 927 2045 973 T.
2064 926 2124 973 Π.
2168 925 2366 973 London

317 1010 452 1060 1762.
475 1002 552 1053 8.*
589 1002 739 1059 aliqua
764 999 899 1045 habet
923 998 976 1044 de
997 999 1085 1045 tela
1111 993 1345 1048 cellulosa‚
1383 1011 1518 1054 quam
1538 1007 1692 1039 tamen
1716 989 1907 1038 vasculis
1939 1001 2068 1051 putat
2093 988 2207 1036 fieri.
2259 990 2367 1036 Adi-

310 1083 414 1127 pem
436 1063 537 1111 suas
560 1065 759 1123 proprias
784 1062 946 1108 habere
979 1063 1186 1114 cellulas,
1223 1062 1265 1106 &
1289 1076 1344 1104 ex
1372 1057 1598 1117 glandulis
1619 1054 1804 1102 secerni.
1872 1056 1984 1102 Non
2017 1066 2148 1114 putat
2181 1053 2368 1113 hydrar-

314 1145 477 1191 gyrum
499 1125 761 1196 &impulsum
800 1143 1004 1186 unquam
1043 1143 1097 1171 ex
1128 1138 1231 1172 cute
1270 1121 1511 1168 exsudaffe.
1590 1121 1874 1180 Singularem
1906 1133 2104 1164 errorem
2134 1115 2368 1178 sanguinis

314 1194 432 1240 vidit
452 1227 464 1245 ,
496 1192 580 1252 qui
612 1208 667 1236 ex
698 1190 874 1251 pertusa
904 1192 1064 1235 arteria
1098 1191 1148 1236 in
1177 1188 1376 1235 vicinam
1409 1201 1574 1233 venam
1603 1184 1786 1231 fluebat.
1852 1179 2095 1230 Disceffiffe
2117 1179 2206 1228 offa
2234 1181 2367 1243 pubis

313 1259 365 1304 in
385 1269 518 1318 partu
539 1272 636 1302 non
661 1256 791 1302 valde
814 1252 1051 1301 laborioso.

443 1340 604 1386 Icones
631 1337 765 1384 etiam
783 1337 854 1382 vir
875 1337 974 1382 lrr.
1013 1333 1188 1394 paravit
1219 1332 1274 1378 ad
1306 1344 1517 1379 naturam
1547 1330 1667 1376 uteri
1697 1328 1896 1389 gravidi,
1928 1344 2121 1388 quarum
2147 1324 2370 1388 plusculas

316 1400 555 1451 nobiscum
583 1400 969 1451 communicavit5
1012 1414 1123 1458 quas
1150 1409 1204 1443 ut
1231 1397 1334 1442 edat
1355 1398 1545 1442 omnino
1571 1394 1765 1455 publicis
1788 1393 1908 1438 votis
1939 1392 2131 1453 dignum
2151 1391 2226 1438 est.
2283 1392 2371 1437 Ta-

320 1469 455 1515 bulas
477 1465 694 1512 habemus
719 1476 775 1522 25
800 1482 812 1516 3
850 1477 986 1511 erunt
1011 1468 1083 1518 36.
1153 1463 1345 1508 Uterum
1368 1459 1657 1519 exprimunt,
1694 1457 1790 1518 ejus
1814 1457 1863 1502 in
1887 1457 2083 1516 gravidis
2116 1456 2374 1502 incremen-

315 1545 445 1584 tum,
498 1532 541 1577 &
565 1532 615 1575 in
642 1544 858 1588 puerpera
887 1527 1216 1578 mutationem,
1258 1522 1379 1570 fetus
1417 1522 1549 1569 fitum
1570 1555 1582 1575 ,
1627 1523 1877 1583 placentam
1896 1554 1909 1573 ‚
1960 1518 2069 1566 vasa
2086 1517 2371 1579 serpentina,

321 1593 424 1642 vasa
444 1591 611 1641 venosa
641 1593 836 1639 dilatata.
902 1590 1149 1638 Theoriam
1180 1589 1270 1635 viri
1295 1589 1520 1639 dicemus,
1558 1601 1661 1632 cum
1686 1585 1918 1633 Coopmu
1954 1584 2007 1630 de
2031 1584 2195 1630 abortu
2224 1580 2376 1644 dispu-
2446 1581 2448 1589 ’

318 1659 505 1706 tatione.
570 1658 703 1704 Plura
734 1657 878 1702 nolim
916 1671 1012 1701 non
1033 1651 1243 1701 consulto
1266 1654 1507 1700 inventore
1536 1649 1740 1710 prodere.
1808 1649 1949 1696 Nunc
1977 1649 2065 1709 legi
2086 1647 2264 1700 omnia,
2297 1644 2374 1693 sed

322 1738 420 1770 non
439 1719 611 1783 poffum
638 1720 767 1767 edere
795 1718 877 1766 nifi
903 1721 950 1766 in
976 1719 1183 1765 αιιὲἴανίο.

448 1805 503 1850 ln
514 1800 623 1851 Phil.
643 1801 797 1861 Trans.
828 1802 918 1850 Vol.
951 1800 1113 1847 LVIII.
1134 1797 1404 1858 comparatis
1420 1795 1634 1843 dentibus
1655 1792 1905 1841 molaribus
1927 1793 1982 1839 ad
2003 1791 2045 1839 fl.
2080 1790 2208 1840 Ohio
2232 1808 2380 1855 reper-

324 1869 407 1922 tis,
442 1880 578 1929 negat
607 1882 678 1913 eas
708 1864 891 1912 sceletos
924 1863 1004 1911 effe
1040 1862 1283 1924 elephanti.
2271 1891 2274 1893 -

644 1981 689 2038 §.
725 1980 988 2029 MXLIV.
1063 1981 1268 2040 Georgius
1295 1975 1462 2023 Ludov.
1490 1975 1528 2021 le
1549 1975 1717 2021 CLERC
1739 1972 1791 2019 de
1810 1973 2014 2019 BUFFON
2035 2004 2049 2024 ,

458 2081 546 2127 Vir
569 2079 830 2140 eloquentia
861 2079 902 2124 δι’
926 2077 1112 2137 ingenio
1145 2072 1414 2134 conspicuus
1430 2107 1442 2125 ,
1479 2089 1574 2117 non
1600 2071 1783 2131 quidem
1808 2069 2117 2120 anatomicus‚
2154 2078 2207 2114 ut
2225 2079 2379 2117 tamen

327 2142 635 2204 microscopiis
656 2145 853 2189 multum
877 2138 1011 2194 usus,
1049 2143 1089 2186 ἃ
1116 2139 1381 2184 animalium
1413 2137 1677 2182 varietatem
1712 2134 2046 2193 contemplatus
2073 2131 2138 2178 fit.

460 2227 514 2274 In
536 2229 670 2272 Me'm.
700 2224 750 2271 de
773 2221 944 2270 l’Acad.
972 2222 1040 2268 des
1066 2225 1131 2268 Sc.
1163 2231 1295 2278 1743.
1328 2219 1421 2280 agit
1451 2218 1504 2263 de
1531 2217 1760 2264 coloribus
1780 2213 2058 2275 imaginariis
2080 2248 2092 2266 ‚
2130 2216 2211 2274 qui
2236 2217 2380 2264 oculis

332 2288 658 2342 obversantur,
694 2287 929 2349 postquam
957 2303 1031 2332 eos
1055 2288 1104 2331 in
1130 2284 1359 2344 objedtum
1389 2282 1589 2328 lucidum
1611 2280 1888 2329 direximus3
1924 2278 2084 2323 deinde
2115 2278 2170 2324 de
2196 2282 2384 2328 maculis

333 2372 390 2401 ex
418 2352 513 2401 usur
526 2354 673 2399 multo
701 2349 1099 2410 microscopiorum
1124 2348 1268 2399 natis,
1301 2346 1356 2392 de
1377 2345 1550 2392 umbris
1573 2361 1675 2390 vere
1700 2342 1902 2389 caeruleis
1919 2375 1931 2394 ‚
1964 2342 2017 2387 de
2044 2344 2224 2389 caerulei
2255 2345 2296 2390 &
2316 2344 2384 2390 vi-

334 2419 443 2466 ridis
458 2417 622 2464 coloris
635 2415 689 2462 ad
700 2415 904 2461 candelas
918 2411 1196 2460 confusione.
1247 2408 1560 2470 Impreffiones
1573 2410 1621 2454 in
1634 2408 1781 2453 anima
1795 2404 1989 2452 diversas
2005 2404 2126 2452 efl'eva
2141 2409 2382 2467 corporeis.

395 2562 421 2611 s
459 2498 632 2547 Eodem
657 2513 779 2543 anno
810 2496 900 2556 egit
935 2495 987 2541 de
1026 2491 1284 2546 strabismo,
1323 2491 1404 2552 qui
1437 2507 1493 2537 ex
1529 2489 1742 2549 inaequali
1773 2488 2013 2547 utriusque
2039 2488 2186 2548 operis
2222 2487 2384 2534 robore

332 2580 392 2613 na
413 2575 556 2611 catur.
590 2607 594 2609 l

464 2646 575 2706 Hist.
599 2642 650 2689 de
677 2652 811 2700 1744.
842 2639 1033 2685 Vitulus
1054 2636 1475 2699 hydrocephalicus,
1515 2635 1722 2682 cruribus
1750 2633 2004 2679 destitutus.

470 2730 601 2774 Μόνη.
634 2724 686 2770 de
716 2728 851 2780 1746.
884 2721 933 2766 in
963 2719 1227 2779 corporibus
1252 2720 1384 2765 luteis
1410 2718 1674 2764 animalium
1700 2713 1830 2761 sexus
1858 2713 2076 2773 sequioris
2105 2710 2148 2759 se
2170 2712 2382 2773 perinde,

339 2806 392 2841 'ut
415 2794 466 2840 in
488 2788 684 2836 masculo
708 2785 875 2833 semine
890 2818 903 2838 ,
933 2782 1198 2843 corpuscula
1225 2783 1436 2842 organica
1457 2778 1675 2841 reperiffe.

470 2867 641 2932 EJUSD.
673 2871 715 2916 &
745 2868 804 2914 D.
830 2867 1175 2920 D'AUBENTON
1202 2861 1472 2909 immensum
1496 2877 1610 2922 opus
1633 2878 1645 2907 :
1680 2861 1865 2920 Histoire
1890 2857 2095 2904 naturelle
2115 2857 2312 2919 generale
2329 2855 2390 2913 ἓξ

335 2937 617 3000 particuliere
648 2949 751 2981 avec
779 2931 824 2978 la
854 2929 1108 2993 description
1136 2927 1197 2974 du
1234 2926 1409 2974 Cabinet
1438 2925 1499 2972 du
1535 2929 1618 2974 Roi
1658 2924 1780 2971 Paris
1805 2934 1940 2983 1750.
1974 2919 2055 2981 4*
2091 2924 2134 2969 δε
2164 2923 2295 2969 annis
2326 2919 2392 2967 se-

2250 3000 2390 3047 quen·
2451 3042 2452 3047 ¹
