2531 3394
970 18 991 32 d

590 128 635 190 §-
675 142 766 193 915
805 157 866 168 -
896 145 1005 195 917.
1044 133 1127 196 [Α.
1163 129 1466 211 Momm.
1535 132 1917 189 HUNAULD.
2188 100 2281 204 ἦ,

173 288 193 293 -
221 269 326 317 tur,
365 258 414 306 in
442 257 523 306 ista
556 257 683 308 facile
713 260 930 323 superior.
1009 260 1260 309 Maxillam
1280 238 1542 306 inferioiem
1578 275 1680 306 cum
1711 262 1947 312 tuberculo
1978 266 2080 315 ossis
2105 280 2279 330 tempo-

188 332 324 370 *rum
356 324 618 377 committi‚-
654 342 747 371 non
781 342 883 372 cum
921 323 1066 371 fovea.
1155 324 1337 375 ΡΕΤΙΤΙ
1376 321 1467 368 diff.
1508 322 1562 369 de
1589 334 1714 381 *potu
1746 326 1988 375 BOSSUET1
2027 331 2107 377 effe
2135 349 2278 394 opus,

221 387 302 448 qui
328 387 468 434 nimia
494 388 660 449 linguae
686 389 921 441 tribuerit,
970 390 1012 435 &
1031 384 1342 434 musculorum
1365 387 1518 433 uvulae
1553 385 1704 433 officia
1735 391 2080 447 praetermiserit.

332 468 403 514 r-In
436 473 567 514 Mem.
607 468 658 514 de
693 480 826 526 1729.
859 468 913 514 de
949 467 1290 516 lumbricalibus
1333 469 1375 515 &
1411 483 1570 514 eorum
1606 469 1899 517 varietatibus
1919 489 1934 522 3
1981 472 2034 518 de
2069 475 2273 526 musculo

194 595 198 600 Ι
220 529 404 578 sublimi
429 534 478 578 in
500 531 699 579 diversos
730 531 956 579 musculos
986 529 1148 578 diviso,

346 613 401 658 In
423 616 556 658 Me'm.
585 611 636 658 de
659 624 792 668 1730.
829 612 968 658 Varia
999 612 1054 657 ad
1078 609 1166 657 offa
1188 612 1372 671 capitis,
1413 613 1469 659 ad
1495 610 1699 667 suturas,
1745 614 1803 661 ad
1835 613 2106 664 fornicatam
2136 619 2274 668 firmi.

220 686 359 722 tatem
383 678 544 728 ealvae,
583 673 767 721 officula
792 676 1129 727 WORM1ANA‚
1167 675 1473 722 membranam
1494 675 1537 722 se
1570 676 1691 722 inter
1721 678 1879 725 dentes
1906 678 2166 728 suturarum
2203 685 2275 730 de.

216 740 500 790 mittentem,
539 739 725 785 laminas
761 736 923 783 offiuni
961 738 1127 790 cranii,
1172 736 1319 784 finum
1356 739 1736 800 longitudinalem
1775 742 1985 790 dextrum
2019 747 2236 806 majorem
2258 765 2272 793 2

217 801 325 849 offa
359 803 589 849 turbinata
617 799 830 847 inferiora
848 813 995 861 partes
1025 799 1106 847 effe
1137 799 1240 847 offis
1267 801 1576 849 cribriformis.

342 884 397 929 In
413 885 520 943 Hist.
538 881 590 928 de
607 882 780 928 l’Acad.
804 893 938 940 1732.
975 882 1029 928 de
1054 881 1182 942 adipe
1199 883 1387 943 ejusque
1403 882 1488 930 usu
1507 883 1647 930 dubio
1666 902 1682 936 3
1718 884 1772 932 de
1798 887 2042 948 appendice
2061 888 2137 936 ilei
2158 890 2245 937 int.

211 1013 213 1015 .
340 964 397 1010 In
428 965 538 1023 Hist.
569 962 620 1009 de
651 975 785 1022 1734.
824 964 1002 1010 Suturae
1029 963 1208 1009 abolitae
1229 980 1244 1008 ι
1278 962 1364 1010 offa
1386 963 1575 1012 infantis
1595 966 1833 1026 praecrass'a.
1900 971 2086 1017 Nervus
2115 988 2170 1018 ex
2195 973 2272 1020 ab..

212 1029 396 1076 domine
424 1028 479 1073 ad
507 1043 584 1073 cor
608 1028 810 1073 veniens.
878 1025 995 1073 Vasa
1026 1028 1111 1087 lyrr
1122 1026 1302 1087 phatica
1330 1029 1578 1087 pulmonis.

341 1110 397 1156 In
418 1111 549 1154 Me'm.
573 1106 623 1152 de
642 1118 774 1164 1735.
813 1107 866 1152 de
893 1108 1041 1154 Simiae
1065 1119 1293 1159 anatome.
1342 1108 1520 1154 Habere
1541 1109 1788 1169 proceffum
1814 1114 2142 1170 coracoideum,
2170 1132 2271 1163 ner-

211 1190 295 1220 vos
329 1175 370 1219 &
402 1170 627 1217 musculos
653 1170 824 1216 brachii
853 1169 944 1217 fere
972 1170 1185 1217 humanis
1214 1170 1400 1226 similes,
1437 1172 1734 1234 ligamentum
1763 1178 1865 1224 coli.
1933 1177 2091 1225 Paffim
2119 1181 2270 1241 aliqua.

209 1237 504 1297 antiquorum
538 1233 896 1280 academicorum
929 1231 1062 1281 effata
1088 1235 1290 1295 corrigit.

335 1317 391 1363 In
419 1313 587 1373 historia
618 1315 714 1374 eju-3
746 1315 856 1361 anni
880 1313 1084 1361 foramen
1110 1318 1240 1362 ovale
1268 1328 1489 1376 apertum.
1558 1320 1614 1367 In
1640 1336 1746 1368 arcu
1769 1332 1906 1368 aortae
1929 1324 2208 1371 varietatem.

338 1397 394 1442 In
419 1398 551 1441 Me‘m.
582 1394 634 1440 de
658 1408 791 1454 1740.
822 1394 1072 1443 bifurcatos
1098 1409 1297 1444 uretcres
1323 1399 1488 1446 tribuit
1519 1403 1665 1448 veloci
1690 1403 1973 1450 incremento
2002 1421 2232 1452 ramorum
2250 1441 2262 1461 2

206 1461 288 1521 qui
315 1460 502 1507 celerius
532 1457 855 1518 perficiantur,
893 1476 1028 1519 quam
1059 1462 1247 1507 ureteris
1279 1475 1486 1510 truncus.
1558 1465 1629 1511 Sic
1655 1466 1708 1512 de
1735 1468 2004 1514 arteriarum
2044 1469 2262 1517 divisione

208 1540 264 1572 ex
293 1521 433 1571 caufis
462 1519 735 1568 mechanicis
759 1524 955 1576 variata,
992 1524 1136 1584 deque
1162 1523 1423 1572 suturarum
1448 1525 1633 1576 lusibus.
1700 1530 2043 1592 Hydrocephali
2065 1533 2265 1581 historia.

333 1605 443 1665 Hist.
477 1603 529 1649 de
552 1615 684 1662 1742.
720 1603 808 1650 offa
831 1605 1044 1652 emollita.

203 1748 271 1796 FR
313 1682 700 1796 {³233OEssAEng
726 1686 814 1734 bilis
826 1690 1092 1749 praeparatio
1111 1690 1155 1735 in
1179 1701 1341 1738 omento
1369 1689 1503 1738 Paris.
1527 1687 1662 1750 1731.
1690 1691 1773 1753 4*
1806 1693 2034 1758 Respond.
2051 1696 2261 1747 ACHILL.

330 1830 404 1889 EJ.
441 1827 620 1889 Disput.
647 1829 700 1876 de
725 1830 910 1891 ancylofi
936 1831 1069 1879 Paris.
1095 1845 1227 1894 1742.
1253 1834 1334 1895 4*
1401 1838 1668 1899 Ligamenta
1694 1839 2086 1889 intervertebralia
2105 1841 2265 1890 descri-

201 1892 284 1940 bit.
351 1893 548 1964 Lamella
583 1910 771 1966 quaeque
811 1897 1196 1945 intervertebralis
1236 1901 1285 1946 in
1329 1914 1485 1948 centro
1525 1903 1708 1950 mollior
1737 1905 2054 1966 comprimitur
2090 1907 2141 1955 in
2172 1906 2264 1955 situ

200 1958 372 2009 erecto,
413 1958 454 2002 &
479 1971 599 2002 inter
627 1956 939 2018 inspirandum
971 1977 1062 2006 una
1088 1977 1193 2007 cum
1216 1965 1435 2024 pulmone
1460 1977 1665 2028 urgetur.

291 2065 294 2068 ⁴
325 2037 436 2085 Vita
462 2037 552 2084 viri
578 2037 638 2084 est
664 2042 708 2086 in
733 2042 867 2086 Me'm.
900 2038 952 2086 de
975 2040 1148 2089 l’Acad.
1176 2055 1313 2103 1742.

408 2194 455 2253 §.
490 2199 534 2244 D
551 2198 587 2245 C
603 2198 639 2245 C
653 2197 691 2244 C
703 2197 800 2246 CX
813 2200 852 2246 V
868 2201 889 2248 Ι
904 2201 940 2248 1.
1008 2200 1245 2250 Richara'us
1266 2204 1658 2256 MANNJNGHAM.
1732 2208 1809 2258 Th.
1838 2210 2046 2262 Smsou.

329 2309 563 2357 Riclmrdm
581 2313 963 2384 MANNINGHAM
980 2349 992 2368 ‚
1023 2317 1196 2376 Eques,
1230 2320 1437 2368 Medicus
1463 2324 1505 2368 ἃ
1528 2322 1769 2379 obstetrix,
1806 2328 2003 2387 primum
2023 2327 2253 2376 occafione

198 2375 380 2422 MARIAE
406 2375 603 2422 TOFFTS
627 2373 794 2435 scnpfit
814 2380 933 2424 exue?
957 2379 1082 2439 dim-y
1105 2382 1159 2441 of
1174 2381 1293 2428 what
1314 2400 1403 2430 was
1427 2385 1627 2445 obftrved
1644 2388 1805 2450 during·
1821 2408 1847 2436 a
1870 2391 1974 2450 close
1997 2394 2251 2440 attendmzce

198 2450 308 2501 upon
333 2440 487 2484 MARY
510 2439 712 2486 TOFFTS
743 2439 812 2486 the
835 2442 1073 2502 pretended
1099 2446 1261 2491 Rabbit
1282 2446 1458 2494 breeder
1491 2451 1637 2497 Lond.
1665 2459 1799 2509 1726.
1827 2459 1867 2506 8.

326 2520 399 2579 EJ.
438 2520 560 2564 Artis
586 2519 821 2590 obstetricia
844 2523 1150 2584 compendium,
1178 2538 1268 2572 tam
1293 2526 1529 2584 theoriam,
1549 2549 1677 2592 quam
1692 2540 1861 2595 praxin
1876 2535 2066 2596 spefi'ans
2097 2537 2242 2583 Lond.

198 2593 334 2640 1739.
359 2584 435 2641 4*
501 2584 711 2654 Aiiglice,
744 2601 800 2653 cm
828 2585 1007 2645 obsta-a&
1027 2588 1080 2648 of
1095 2590 1313 2650 midwtfry
1333 2592 1406 2649 for
1438 2591 1507 2639 the
1538 2595 1605 2653 use
1640 2599 1693 2658 of
1714 2597 1782 2644 the
1808 2599 1924 2659 lying
1951 2604 1993 2643 in
2023 2602 2248 2659 izfirnfmy

200 2657 333 2704 1744.
354 2648 430 2705 4*
493 2647 650 2691 Latine
676 2646 883 2694 recusum
913 2666 1020 2696 cura
1044 2649 1153 2697 Phil.
1183 2653 1370 2715 Adolphi
1394 2656 1645 2705 BOEHMER
1677 2662 1795 2706 Hall.
1829 2674 1964 2718 1744.
1996 2665 2078 2717 4*
2143 2663 2247 2708 Bre-

195 2710 264 2754 vis
291 2709 448 2755 tabula
471 2725 625 2755 eorum
641 2743 652 2761 ‚
689 2726 789 2768 quae
816 2712 1095 2760 obstetricem
1113 2714 1233 2761 noffe
1252 2730 1458 2776 oportet,
1494 2722 1549 2765 ad
1571 2720 1703 2769 usum
1720 2725 2073 2782 praelectionum.
2121 2726 2241 2772 Ana-

195 2782 316 2880 gome
333 2775 526 2832 partium
541 2773 824 2833 genitalium,
861 2790 1016 2836 partus
1027 2780 1244 2826 naturalis
1260 2782 1341 2827 &c.
1401 2785 1518 2840 Quae
1535 2785 1605 2832 Cl.
1629 2787 1834 2833 EmTOR
1856 2786 2043 2840 addidit,
2066 2804 2115 2834 ea
2135 2790 2244 2836 alias

226 2850 419 2882 icentur.

332 2915 494 2967 Thomae
516 2919 710 2967 Srmsou
739 2919 798 2986 de„
812 2937 859 2969 re
881 2920 1041 2971 medica
1063 2921 1369 2986 dgffertationes
1388 2938 1576 2987 quatuor
1607 2927 1843 2992 Edinburg
1869 2937 2003 2990 1726,
2023 2930 2240 3040 8.*fPr0·

1220 3010 1223 3018 ν
1303 3023 1342 3070 Z
1374 3032 1405 3071 2
2129 3005 2238 3041 enot
