2531 3394
267 148 332 201 γε
701 137 837 184 ma.
878 136 1030 184 VIII.
1097 127 1470 178 ANATOME
1518 126 1889 195 Doe‘rmR.

400 243 535 295 IDEM
568 245 622 293 de
648 244 858 292 distantia
886 261 912 291 a
947 256 1108 289 cornea
1137 239 1319 293 tunica,
1356 239 1411 286 ad
1444 255 1577 300 quam
1616 239 1787 300 optime
1821 257 1929 289 acus
1956 241 2008 290 in
2039 239 2317 294 seleroticam

269 310 516 374 infigatur,
566 310 622 358 ad
657 306 996 371 deprimendam
1029 305 1306 351 cataractam.
1374 304 1444 350 De
1476 305 1625 351 nervis
1672 304 1914 352 ciliaribu's.
1983 307 2318 357 Intercostalem

269 388 466 423 nervum
490 376 542 422 in
562 373 737 421 sextum
771 370 920 420 inseri.
987 371 1058 415 De
1080 367 1280 428 periculo
1321 366 1513 414 laedendi
1551 367 1682 415 nervi
1708 368 1872 415 ciliaris
1892 402 1906 423 ,
1951 368 2073 418 stad
2100 372 2319 435 majorem

271 455 298 487 a
328 456 504 488 corneae
530 440 731 501 margine
763 435 1018 483 distantiam
1050 447 1180 478 acum
1203 428 1422 478 infixeris.

402 525 537 568 Mem.
568 520 620 567 de
645 529 779 575 1727.
815 517 1026 563 Nervum
1053 511 1386 560 intercostalem
1410 528 1511 560 non
1534 531 1561 560 a
1580 512 1706 561 sexto
1730 512 1873 566 nasci,
1907 511 1982 560 sed
2018 515 2068 561 in
2101 527 2204 563 eum
2229 530 2318 565 ter<-

255 586 466 638 smin'ari,
508 587 550 631 &
581 583 762 629 oculum
796 579 906 625 adeo
936 579 1090 624 adire:
1138 592 1245 622 nam
1268 574 1442 621 sextum
1467 577 1566 636 post
1599 592 1832 638 acceptum
1860 578 2191 626 intercostalem
2218 599 2318 628 ver-

268 649 344 697 sus
379 649 563 696 oculum
599 641 916 706 grandescere:
961 639 1128 686 resec'to
1164 639 1249 685 isto
1283 655 1425 686 nervo
1461 642 1632 701 reliqua
1663 640 1967 702 symptomata
1998 642 2170 690 incerta
2198 643 2319 700 effe,

269 727 510 774 nunquam
530 708 638 757 vero
673 708 862 754 oculum
888 721 983 751 non
1010 701 1278 750 debilescere
1303 705 1346 750 ἃς
1373 702 1614 751 obscurari.

399 795 535 841 IDEM
563 806 775 838 corneam
797 788 1000 835 tunicam
1029 783 1262 832 infantum
1296 783 1550 832 craffiorem
1576 784 1685 841 effe,
1714 785 1955 834 humorem
1991 804 2189 848 aqueum
2222 804 2322 849 par-
2367 824 2370 827 Α

269 874 397 910 cum,
433 855 539 903 hinc
571 852 757 900 obscure
782 852 949 899 videre.
1018 850 1132 896 Non
1158 860 1312 895 tamen
1338 863 1478 897 caecos
1508 847 1612 903 esse,
1657 867 1764 903 nam
1795 868 1821 898 a
1850 853 1953 898 luce
1977 853 2111 898 nimis
2148 851 2323 914 sulgida

193 946 196 947 ⁷
267 937 425 968 eorum
456 920 613 966 oculos
647 915 869 965 contrahi.
950 915 1140 962 Lentem
1174 912 1475 973 crystallinam
1501 913 1597 960 vivi
1631 915 1834 962 animalis
1867 917 2117 976 pellucere,
2149 918 2326 966 mortui

265 1000 450 1046 opacam
477 981 573 1029 esse.

394 1068 528 1113 Me'm.
552 1063 606 1111 de
629 1069 766 1122 1728.
810 1061 976 1109 Itidem
998 1075 1249 1107 convexam
1275 1057 1355 1105 effe
1377 1057 1475 1106 fuse
1497 1058 1749 1107 contendit.
1833 1060 1905 1105 De
1930 1058 2068 1106 modo
2093 1059 2321 1120 capiendae

266 1146 546 1178 camerarum
572 1129 694 1175 oculi
718 1125 954 1174 mensurae.
1023 1124 1229 1173 Oculum
1253 1123 1361 1171 vivo
1389 1122 1569 1170 homini
1585 1120 1765 1171 tensum
1789 1121 1895 1177 effe,
1932 1122 2186 1173 flaccescere
2209 1139 2324 1171 vero

268 1193 508 1241 exhalante
538 1191 733 1240 humore
753 1208 912 1252 aqueo.
1818 1236 1820 1238 ,

393 1277 450 1323 In
477 1277 612 1322 Mem.
642 1273 696 1320 de
724 1284 860 1331 1730.
906 1269 1018 1319 Fuse
1058 1273 1099 1318 &
1137 1283 1344 1318 accurate
1381 1269 1434 1316 de
1464 1270 1584 1316 lente
1618 1269 1894 1329 crystallina,
1927 1287 2063 1330 quam
2089 1287 2167 1330 per
2196 1268 2324 1316 varia

265 1340 533 1388 animalium
564 1353 728 1401 genera
755 1334 1012 1397 persecutus
1034 1335 1122 1382 est.
1192 1333 1363 1382 Sensim
1387 1351 1436 1380 ea
1464 1333 1706 1379 induratur
1737 1335 1779 1380 «Sc
1806 1333 2015 1381 flavescit.
2078 1332 2322 1394 Capsulam

263 1405 400 1451 lentis
438 1403 568 1463 cryst.
603 1418 699 1448 non
725 1411 858 1461 putat
883 1416 1067 1460 opacam
1097 1399 1248 1452 reddi,
1285 1398 1407 1459 quod
1430 1413 1528 1444 non
1563 1396 1623 1442 est
1648 1395 1846 1444 firmum·
1923 1399 2112 1444 Lentem
2145 1396 2322 1456 crystal-

264 1470 405 1516 linam
440 1467 621 1514 laminis
646 1467 805 1525 utique
830 1464 1058 1524 componi.
1142 1464 1198 1509 In
1222 1464 1319 1524 ejus
1337 1459 1514 1522 capsula
1536 1457 1659 1508 vasa.
1723 1460 1905 1522 Accipit
1927 1461 2078 1522 aliqua
2107 1477 2132 1507 a
2159 1460 2320 1508 eiliari-

263 1532 350 1580 bus
364 1529 661 1592 processibus.
729 1530 839 1590 Ejus
861 1528 1027 1588 aquula
1042 1561 1053 1581 ,
1087 1543 1174 1587 qua
1198 1527 1444 1573 nutriatur.

397 1614 454 1660 In
472 1617 606 1661 Me‘m.
633 1612 683 1659 de
705 1622 837 1670 1733.
873 1611 1009 1657 Fetus
1034 1607 1227 1655 brachiis
1254 1605 1531 1654 monstrosus
1554 1609 1597 1654 Sc
1623 1608 1817 1668 pectore.
1886 1607 2044 1654 Peitus
2067 1605 2196 1653 valde
2221 1605 2321 1652 bre-

261 1695 339 1726 ve.
402 1678 565 1724 Pulmo
594 1676 691 1737 post
727 1691 888 1736 paucas
912 1671 1229 1733 respirationes
1256 1673 1458 1724 natavit,
1493 1688 1641 1731 neq-ue
1672 1669 1946 1731 compressus
1981 1669 2106 1716 desiit
2137 1681 2321 1722 natare,

262 1744 424 1802 utique
446 1758 554 1789 vero
588 1740 787 1787 fundum
822 1738 978 1799 petiit,
1015 1753 1120 1783 curn·
1144 1744 1218 1783 a'er
1244 1737 1395 1782 antliae
1427 1752 1511 1796 ope
1540 1735 1730 1781 eductu-s
1757 1732 1919 1781 fuisset.
1988 1735 2148 1781 Pulmo
2180 1732 2321 1786 setus,

262 1806 344 1867 qui
375 1822 472 1851 non
499 1803 820 1865 respiraverat,
849 1799 1017 1848 mersus
1044 1800 1120 1847 est.
1187 1798 1364 1846 Brachii
1395 1799 1573 1846 recurvi
1601 1810 1807 1845 accurata
1836 1809 2061 1844 anatome.

395 1888 530 1936 IDEM
554 1887 607 1932 de
630 1884 969 1932 medicamentis
992 1881 1259 1944 sanguinem
1284 1880 1581 1942 cogentibus,
1616 1883 1658 1927 ἃ
1681 1879 1734 1926 de
1759 1880 1807 1926 vi
1828 1880 1979 1941 grumi
2004 1877 2240 1940 sanguinei
2265 1876 2323 1924 ads⁴

263 1950 642 2011 haemorrhagiam
674 1947 1056 2009 compescendam.

393 2035 470 2096 EJ.
501 2032 738 2079 Pulmonis
765 2030 1072 2077 membranam
1104 2034 1249 2074 aerem
1275 2043 1372 2073 non
1398 2026 1651 2075 admittere.

391 2116 470 2177 EJ.
506 2116 728 2161 Anatome
749 2112 941 2173 Cyprini
960 2128 975 2157 ε.
1016 2109 1229 2156 intestina
1258 2107 1365 2155 facit
1385 2107 1462 2155 sex
1478 2128 1497 2162 3
1540 2108 1696 2155 sexum
1726 2120 1974 2169 utrumque
2000 2094 2243 2167 descripsit,
2275 2106 2319 2154 δε

264 2197 351 2230 ova
376 2178 508 2241 supra
536 2189 749 2234 300000,
787 2179 937 2229 lactes,
966 2172 1178 2220 vesiculas
1202 2172 1435 2220 seminales
1453 2207 1466 2226 ,
1504 2173 1693 2219 ductum
1721 2171 2009 2218 deserentem.

393 2262 450 2307 In
478 2263 609 2307 Affe'm.
640 2258 690 2304 de
712 2269 844 2315 1735.
879 2257 933 2302 de
954 2257 1075 2303 oculi
1103 2256 1208 2316 galli
1236 2255 1382 2301 Indici
1403 2266 1613 2301 anatome
1639 2254 1754 2300 bene
1773 2273 1792 2307 ⁹,
1824 2253 2053 2300 flabellum
2077 2251 2213 2298 vitrei·
2233 2249 2318 2297 hw-

268 2325 409 2372 moris
441 2323 610 2370 rectius
642 2338 777 2381 quam
802 2322 861 2367 ab*
882 2321 981 2366 aliis
1011 2320 1185 2365 dietum
1220 2317 1413 2364 musculi
1438 2319 1573 2363 oculi.

393 2408 525 2452 Μόνη,
550 2402 602 2449 de
626 2408 760 2460 1736.
812 2402 988 2453 Oculus
1025 2400 1179 2445 ululae.
1248 2399 1389 2445 Reae
1415 2396 1782 2445 co-nvexiflimam
1814 2399 1857 2443 ἃ
1880 2412 1995 2457 pene
2022 2395 2319 2457 cylindri‘cam

266 2485 477 2517 corneam
504 2468 708 2514 tunicam
732 2465 945 2525 exprimit
961 2497 976 2516 ,
1010 2463 1266 2522 iterumque
1288 2462 1533 2509 flabellum.

393 2553 528 2598 Me'm.
556 2548 609 2596 de
637 2558 773 2606 1737.
822 2546 963 2593 Oculi
999 2561 1119 2592 ranae
1156 2547 1197 2592 &
1230 2544 1482 2592 testudinis.
1561 2544 1617 2590 In
1649 2543 1731 2591 ista
1760 2539 1861 2590 duae
1896 2541 2122 2605 glandulae
2159 2540 2317 2603 anguli

267 2615 438 2665 interni
462 2615 602 2660 oculi.
858 2626 862 2629 ’

394 2696 506 2744 Vita
532 2697 574 2742 ἃ
609 2693 806 2755 elogium
836 2691 924 2739 viri
948 2692 998 2737 in
1032 2693 1187 2738 Comm.
1212 2691 1452 2739 Academiae
1482 2706 1519 2737 a.
1541 2701 1675 2749 1741.
1704 2688 1860 2737 exstat.

762 2794 799 2844 §-
834 2789 930 2835 DC
951 2788 988 2834 C
1003 2788 1100 2834 CX
1117 2789 1155 2834 Χ
1176 2789 1279 2835 III.
1346 2786 1563 2843 Johannes·
1588 2789 1791 2835 ASTRUC
1808 2819 1824 2840 5

396 2885 616 2935 Professor
638 2885 916 2940 Tolosanus,
949 2884 1057 2932 inde
1080 2883 1329 2937 Parisinus,
1375 2884 1655 2944 aliquamdiu
1678 2885 1913 2931 AUGUSTI
1945 2880 2009 2928 H.
2047 2876 2317 2933 Archiater,

269 2953 340 3000 vir
370 2952 600 3005 eruditus,
637 2953 716 3011 qui
743 2951 797 2998 ad
825 2949 1052 2997 summum
1082 2946 1255 2995 senium
1283 2949 1514 3008 pervenit,
1553 2947 1742 2995 clinicus
1767 2945 2003 3006 equidem,
2035 2959 2183 3003 neq-ue
2205 2944 2318 2989 inci-

268 3014 370 3074 sor,
402 3017 526 3068 varia
545 3014 742 3079 scripsit,
777 3031 876 3078 quae
899 3013 954 3062 ad
977 3011 1302 3077 physiologiam
1324 3012 1588 3073 pertinent,
1623 3013 1774 3073 aliqua
1799 3010 1856 3058 ad
1881 3020 2176 3119 anatomen.E

2177 3084 2312 3135 JUSD.
