2531 3394
282 112 383 173 5:53*
662 71 795 160 1111.
841 113 935 159 zx.
1017 96 1440 161 'ANATOMES
1495 111 1937 178 PERFECTI-O.

413 206 594 256 Nicolas
619 208 786 258 Puzos
821 213 956 258 truite'
984 210 1056 257 des
1081 208 1393 258 accouchemens
1426 212 1593 272 corrige
1616 209 1687 266 ἓξ·
1704 213 1855 274 publie'
1872 227 1964 276 par
1988 219 2058 263 M.
2075 217 2329 268 Momso'r

281 270 353 318 des
365 273 568 320 Lemnias
586 273 708 321 Paris
735 275 961 334 17ς9ζ43*
996 274 1325 322 Celeberrimus
1338 274 1409 321 vir
1422 273 1704 321 obstetricius
1717 292 1856 324 manu
1870 277 1946 325 sua
1957 277 2145 341 scriptos
2157 278 2357 330 codices‘

280 337 375 384 Do.
393 338 648 386 GERVAJSE
673 339 939 400 reliquerat,
973 340 1053 399 qui
1074 340 1354 386 MoalsoTo
1382 337 1580 384 edendos
1606 338 1743 385 dedit.
1812 341 1974 397 Libelli
1988 341 2096 392 sunt
2119 344 2328 407 plusculi.

283 401 446 448 Partus
473 403 692 450 naturalis
730 414 855 450 totus
885 403 945 449 est
969 405 1230 450 GERVASII.
1300 400 1443 463 lpfius
1480 403 1645 452 PUZOS
1686 420 1800 463 opus
1829 405 1999 466 incipit
2017 409 2073 454 ab
2103 421 2331 457 anatome.
2392 417 2398 420 “

282 463 407 532 Poffe
428 482 452 512 a
477 465 614 514 nimis
643 469 790 527 ampla
814 468 933 527 pelvi
970 483 1096 526 aeque
1122 467 1299 527 gravia,
1350 477 1402 512 ut
1427 466 1481 512 ab
1507 468 1687 513 arctiori
1707 502 1719 520 ‚
1752 470 1867 514 mala
1893 467 2007 516 fieri.
2073 473 2332 531 Hymenem

284 528 551 590 adgnoscit3
600 532 782 591 plexum
813 529 1031 578 venosum
1053 565 1066 584 ,
1104 547 1238 590 quem
1258 529 1501 590 prostatam
1525 542 1694 578 vocant
1718 533 2081 587 BARTHOLINI,
2117 537 2166 582 in
2199 553 2332 597 partu

281 591 502 654 sanguine
529 595 592 641 ait
612 591 827 642 suffundi.
896 596 1086 642 Uterum
1101 594 1341 640 adtenuari
1363 594 1410 640 in
1435 594 1646 654 gravidis.
1715 596 1770 642 In
1788 597 1923 650 collo,
1953 591 2032 643 etsi
2056 599 2208 646 minus
2221 603 2330 656 lato,

279 673 432 718 parem
453 656 533 705 effe
556 657 776 705 fibrarum
803 674 1072 712 numerum,
1109 668 1289 704 tantum
1313 658 1435 718 quod
1470 660 1611 719 magis
1643 659 1863 720 congestae
1891 658 1993 707 fint.
2064 663 2247 711 Debiles
2267 664 2330 711 fe-

279 722 417 768 minae
441 720 616 769 facilius
642 723 857 783 pariunt:
896 723 1023 783 pueri
1052 734 1197 782 partes
1230 722 1403 782 exiguae
1427 719 1549 768 sunt.
1633 723 1766 770 Vidit
1795 735 2052 771 tenerarum
2080 727 2333 785 puellarum

278 786 347 832 130
382 787 629 833 uterinum.
715 785 895 833 Menses
934 803 959 833 a
993 785 1225 832 flexilitate
1257 787 1388 832 uteri.
1472 786 1542 832 De
1578 789 1700 833 tactu
1738 788 1828 834 oris
1857 789 1978 835 uteri
2012 787 2123 837 fuse.
2193 791 2333 838 Recte

279 865 443 909 aquam
475 849 555 897 effe
586 848 641 896 ad
668 849 809 897 fetum
836 851 885 897 in
914 850 1092 897 ratione
1118 848 1294 896 inversa
1317 861 1576 910 temporum
1606 851 1887 911 graviditatis
1905 887 1919 906 ,
1956 870 2144 916 eamque
2172 855 2335 917 utique

276 915 467 961 nutrire.
536 914 668 961 Uteri
693 913 794 961 vasa
820 931 917 961 non
946 914 1206 961 continuari
1231 930 1333 961 eum
1364 916 1579 974 placentae
1608 912 1738 962 vasis.
2066 916 2078 926 ”

408 997 474 1043 Μ.
503 996 558 1042 D.
585 996 635 1043 L.
668 996 720 1043 C.
742 997 800 1042 D.
823 996 869 1042 B.
906 995 983 1052 (la
1008 997 1258 1042 CHENAYE
1289 995 1361 1042 des
1390 996 1540 1050 BOIS)
1578 997 1876 1044 Diffionnaire
1913 998 2113 1058 raisonne‘
2144 997 2202 1056 ἐξ
2237 1004 2334 1047 uni-

276 1060 414 1119 verfil
437 1059 508 1106 des
526 1064 730 1107 animaux
763 1060 884 1107 Paris
907 1072 991 1118 175
998 1073 1042 1116 9.
1068 1072 1113 1118 4.
1137 1057 1334 1118 4.Vol.*
1401 1060 1546 1107 Valde
1573 1058 1790 1108 Vitiosum
1817 1079 1932 1123 opus
1962 1065 2331 1124 compilatitium.

279 1125 447 1183 Aliqua
472 1121 626 1184 paffim
657 1135 882 1171 anatome.

407 1209 453 1258 J.
487 1204 601 1252 Frid.
627 1206 894 1253 HARTLIEB
918 1218 1070 1267 progr.
1105 1209 1292 1252 aninmm
1319 1203 1547 1253 humanam
1578 1223 1604 1254 a
1635 1211 1820 1255 materia>
1849 1213 2041 1272 contagio
2051 1209 2257 1269 secretam
2281 1225 2334 1257 ex

279 1269 487 1318 medicina
509 1271 654 1317 mentis
681 1269 828 1317 demon
864 1286 967 1317 rans
1002 1270 1110 1317 Uim
1135 1282 1271 1328 1759.
1299 1282 1344 1328 4.

840 1399 885 1457 §.
921 1401 1300 1448 MCLXXIX.
1399 1401 1451 1448 C.
1483 1401 1529 1449 F.
1562 1403 1753 1450 Wom.

413 1499 556 1547 Caron
569 1498 779 1546 friderici
790 1500 983 1552 WOLF,
998 1515 1122 1545 nunc
1136 1498 1186 1545 in
1199 1497 1354 1545 Ruffia
1366 1497 1624 1546 Pmstfforis
1642 1498 2337 1562 Academici{theoriageneratim

277 1564 339 1612 ηιῖς
372 1564 491 1610 Η311.
520 1576 651 1622 1759.
678 1562 760 1621 4*
813 1563 1124 1610 Memorabilis
1140 1575 1257 1609 certe
1277 1563 1480 1616 libellus,
1514 1566 1555 1610 &
1575 1565 1653 1623 qui
1681 1580 1847 1623 paucos
1867 1565 1985 1610 inter
2010 1563 2251 1624 specimina
2265 1567 2335 1612 in-

280 1629 512 1690 auguralia
541 1644 667 1688 pares
697 1627 871 1674 habeat.
940 1627 1271 1688 Experimentis
1300 1626 1407 1674 usus
1434 1626 1494 1672 est
1521 1629 1591 1673 vir
1615 1628 1688 1674 Cl.
1720 1626 1836 1680 suis,
1885 1629 1934 1674 in
1960 1630 2085 1689 pullo
2115 1629 2334 1676 incubato

278 1694 414 1739 etiam
437 1690 715 1753 potiffimum
734 1690 875 1739 facilis.
943 1691 1051 1737 Vim
1076 1689 1231 1737 suecos
1255 1692 1510 1737 ovi&novi
1533 1691 1738 1737 animalis
1764 1692 2088 1752 propellentem
2101 1693 2273 1753 recipit,
2308 1709 2334 1740 a

277 1756 424 1803 cordis
452 1757 625 1804 viribus
651 1754 871 1803 diversam
901 1757 922 1813 (
936 1771 1041 1801 nam
1072 1756 1244 1814 plantas
1275 1754 1501 1810 omitto).
1573 1757 1745 1801 Omnia
1769 1754 1970 1802 constare
1997 1756 2208 1816 globulis,
2246 1757 2327 1815 qui

277 1837 357 1882 per
387 1818 570 1868 succum
602 1819 825 1868 viscidum
866 1830 1163 1872 moveantur,
1197 1819 1336 1865 nullis
1377 1817 1536 1865 inclusi
1565 1819 1852 1866 membranis.
1939 1818 2056 1867 Vasa
2092 1819 2330 1874 subnasci,

273 1885 423 1938 coire,
458 1901 536 1931 cor
560 1883 717 1931 faeere.
787 1882 989 1942 Qlando
1020 1881 1200 1943 sanguis
1226 1898 1352 1928 nune
1380 1882 1543 1936 rubet,
1580 1882 1930 1929 irritabilitatem
1958 1884 2189 1938 accedere,
2223 1900 2323 1944 quae

277 1946 332 1995 fit
365 1950 569 1995 animalis
608 1947 859 2001 0113136101,
892 1964 983 2007 quo
1019 1961 1044 1992 a
1074 1949 1227 2007 planta
1255 1945 1500 2006 separatur.
1590 1946 1858 1993 Mechaniea
1903 1945 2158 1994 neceffitate
2190 1960 2332 1995 venas

276 2010 399 2059 nasci
419 2013 679 2073 ubicunque
704 2014 878 2059 arteriae
910 2009 1096 2057 fuerint.
1166 2011 1259 2056 Cor
1289 2008 1470 2056 essentia
1494 2011 1716 2058 animalis.
1800 2012 1866 2058 Ut
1894 2027 2021 2057 renes
2052 2010 2325 2057 nascantur:

277 2078 458 2124 urinam
488 2075 651 2136 absque
677 2093 724 2123 ea
746 2075 912 2122 fabrica
947 2072 1063 2135 poffe
1088 2074 1304 2134 generari.
1375 2075 1467 2120 Cor
1495 2073 1625 2121 eausa
1663 2086 1815 2122 motus
1853 2073 2084 2121 aecefl'orIa
2117 2074 2200 2128 est,
2234 2090 2330 2121 non

279 2141 406 2203 prius
422 2139 597 2193 saliens,
630 2157 764 2200 quam
784 2141 974 2187 rubrum
997 2136 1262 2198 sanguinem
1286 2138 1519 2199 acceperit.
1590 2140 1654 2186 Ut
1676 2139 1872 2185 monstra
1896 2150 2089 2185 connata
2108 2138 2328 2187 oriantur.

404 2222 672 2268 Germanice
701 2222 836 2269 vertit
862 2222 931 2268 vir
955 2221 1023 2267 Cl.
1054 2237 1157 2267 cum
1189 2221 1351 2272 titulo,
1394 2224 1436 2266 T
1433 2218 1571 2265 heorie
1604 2218 1681 2265 der
1720 2223 1975 2267 Generation
2012 2224 2057 2266 in
2088 2237 2206 2280 zwey
2239 2220 2330 2268 Ab-

277 2284 756 2348 handlungenerwiesen
794 2287 941 2332 Berlin
966 2291 1100 2342 1764.
1122 2283 1197 2337 8.*
1263 2284 1403 2330 Addit
1419 2285 1592 2342 aliqua,
1627 2283 1795 2343 quibus
1821 2285 2069 2331 BONNETO
2101 2286 2330 2331 evolutio-

276 2352 350 2398 nis
375 2348 598 2397 defensori
626 2348 890 2409 respondet3
944 2350 1078 2394 etiam
1105 2347 1265 2400 nobis,
1302 2345 1376 2393 sed
1401 2347 1610 2393 modeste.
1683 2349 1855 2393 Contra
1879 2349 2216 2393 evolutionem:
2262 2349 2332 2394 ni-

275 2414 346 2462 hil
369 2416 466 2476 ejus
494 2415 543 2461 in
566 2425 728 2459 natura
759 2412 898 2459 simile
925 2411 1036 2458 effe:
1085 2413 1304 2458 miraculo
1339 2410 1421 2456 effe
1449 2411 1717 2470 proximam.
1787 2410 2055 2472 Epigenefin
2097 2409 2177 2457 effe
2213 2428 2329 2472 opus

279 2479 508 2541 operantis
536 2489 724 2524 naturae.
792 2478 861 2522 De
898 2477 982 2522 viis
1008 2476 1056 2521 in
1092 2474 1236 2536 figura
1269 2474 1468 2523 venosa:
1519 2475 1611 2521 vias
1639 2473 1719 2521 01Γο
1746 2491 1843 2520 11011
1870 2472 2000 2528 vasa,
2038 2488 2198 2521 contra
2225 2492 2326 2521 nos.

277 2544 453 2593 Punc'ta,
480 2540 586 2596 effe,
630 2540 790 2587 deinde
818 2539 983 2586 insulas
1003 2574 1014 2591 ‚
1060 2550 1158 2585 turn
1186 2540 1306 2593 vias,
1345 2539 1528 2584 demum
1562 2538 1679 2585 vasa.
1765 2540 1956 2585 Novum
1986 2539 2151 2584 animal
2182 2538 2327 2584 vitelli

279 2606 360 2655 effe
387 2604 646 2667 epiphyfin,
679 2607 720 2652 &
753 2605 899 2652 vitelli
933 2602 1033 2649 vasa
1069 2619 1093 2648 a
1125 2615 1267 2649 matre
1302 2602 1397 2649 effe.
1483 2602 1601 2649 Vasa
1628 2602 1671 2649 se
1697 2601 1849 2648 vidisse
1869 2602 1919 2648 in
1947 2601 2093 2662 figura
2117 2600 2283 2647 venosa
2309 2635 2324 2654 ‚

277 2672 541 2733 priusquam
571 2686 647 2716 eor
670 2667 844 2715 adeffe't.
912 2668 1122 2713 Parentes
1151 2683 1246 2711 non
1270 2665 1507 2713 necefl'ario
1534 2667 1589 2712 ad
1620 2683 1794 2713 novum
1820 2667 1985 2711 animal
2015 2663 2213 2723 requiri,
2251 2662 2327 2710 sed

279 2736 523 2782 mundum.
587 2736 746 2782 Semen
776 2730 1023 2778 masculum
1051 2730 1144 2775 vim
1175 2729 1337 2775 habere
1362 2741 1570 2789 potenter
1596 2730 1842 2786 nutriendi.
1909 2730 2065 2774 Pedius
2086 2728 2198 2785 pulli
2223 2744 2329 2774 vere

278 2811 482 2858 apertum
507 2796 602 2845 effe.
670 2799 788 2844 Ante
812 2807 886 2855 24.
909 2793 1068 2841 horam
1094 2794 1273 2839 nullum
1297 2810 1373 2840 eor
1402 2792 1556 2840 adeffe.
1637 2794 1781 2841 Aliam
1812 2789 1893 2838 effe
1922 2790 2231 2838 membranam
2258 2791 2326 2840 vi-

274 2863 441 2909 10111111
467 2861 590 2916 fetu,
621 2862 753 2908 aliam
776 2860 919 2908 vitelli
939 2859 989 2906 in
1008 2858 1188 2920 gallina.

404 2944 479 3005 EJ.
512 2944 562 2990 in
588 2949 707 2991 Nov.
739 2948 892 2992 Comm.
919 2939 1056 2988 Acad.
1083 2945 1254 3000 Petrop.
1283 2940 1341 2985 Τ.
1357 2940 1465 2986 XII.
1495 2939 1644 3000 aliqua
1668 2938 1795 2986 addit
1819 2935 1874 2982 ad
1899 2934 2030 2983 suum
2058 2935 2111 2983 de
2142 2953 2325 2998 genera-

282 3007 433 3064 tione,
472 3008 512 3056 ἃ
539 3006 819 3069 potiffimum
849 3007 903 3055 de
940 3006 1057 3069 pulli
1079 3002 1352 3054 formatione
1375 3020 1507 3064 opus.
1575 3005 1717 3053 Valde
1750 3012 2057 3063 matureeam
2089 2999 2324 3052 formatio-

2215 3079 2320 3113 nem
