2531 3394
546 120 547 123 =
596 133 601 136 .
666 111 673 115 ·
715 116 763 189 5,¹
795 123 906 180 796·
943 128 1054 180 797·
1111 117 1160 182 J.
1195 117 1246 165 B.
1280 115 1786 171 MORGAGNUS.
2216 131 2278 183 ες

221 248 421 302 diversos
458 264 708 312 peronaeos.
786 245 1126 311 Longiffimum
1167 245 1286 293 dorfi
1325 259 1485 308 quater
1521 247 1640 294 vidit
1677 248 1733 294 ad
1769 251 1954 311 occiput
1991 249 2276 302 adscendere.
2306 301 2309 319 ,

219 317 475 364 Plantarem
504 313 759 362 musculum
780 311 1080 375 aponeurolin
1100 311 1265 370 p-lantae
1284 312 1408 369 pedis
1429 327 1641 371 generare
1665 314 1782 358 redte
1811 328 1959 374 negat.
2027 319 2277 365 Transver-

218 379 321 428 salis
351 379 476 442 pedis
509 379 748 426 varietates
789 377 918 424 vidit.
987 375 1252 433 Tricipitem
1284 373 1567 422 extensorem
1609 375 1753 422 cubiti
1786 377 1938 423 mallet
1972 378 2129 426 dicere.
2204 383 2279 428 De

218 443 467 505 pharyngis
489 446 528 490 &
558 443 696 503 palati
721 441 869 487 mollis
898 436 1113 485 musculis
1136 439 1300 498 aliqua.
1371 440 1441 485 De
1461 439 1686 500 glandulis
1712 440 2072 500 mucilaginolis‚
2108 445 2161 490 de
2186 461 2276 491 me-

217 507 342 555 nisco
366 509 416 554 in
447 508 640 554 articulo
666 505 861 551 maxillae
888 499 1144 555 inferioris,
1185 503 1240 548 de
1269 503 1391 549 tibiae
1412 503 1752 564 cartilaginibus
1775 500 2137 553 semilunaribus.
2205 508 2276 555 Ad

219 589 385 620 nervos
408 573 584 632 aliqua:
623 569 676 615 de
698 579 927 614 ureterum
953 567 1171 626 inaequali
1191 566 1439 620 diamerm,
1476 565 1593 628 chyli
1620 566 1824 613 cisterna.
1842 584 1852 592 ⁸

349 654 620 714 Adverffiria
649 653 887 696 anatomica
918 652 1102 701 Tertia,
1138 648 1292 695 Patav.
1323 661 1459 707 1717.
1481 646 1566 707 4.*
1608 648 1679 698 Ad
1711 649 1952 695 abdomen.
2020 649 2091 695 De
2117 666 2280 710 appen-

221 719 397 766 dicibus
421 719 509 764 coli
531 713 847 762 omentalibus.
916 713 987 758 De
1011 714 1088 758 ani
1112 714 1307 759 valvulis
1331 715 1372 759 &
1400 711 1586 760 sinubus
1600 732 1613 765 3
1651 713 1705 759 de
1726 714 1907 759 valvula
1935 713 2038 766 coli,
2076 714 2145 760 uti
2169 712 2279 760 sein

220 795 399 830 recente
431 779 641 827 cadavere
674 776 835 829 habet,
875 773 973 822 fuse
1000 777 1041 821 &
1069 788 1256 822 ornate:
1304 775 1359 822 de
1385 777 1482 838 ejus
1509 778 1702 824 valvulae
1726 775 1942 830 frenulis,
1976 777 2030 822 de
2056 777 2201 823 tribus
2232 778 2283 823 li-

222 845 443 908 gamentis
461 843 549 889 coli
574 860 586 887 ε
639 854 802 887 contra
819 841 1202 886 Bmucumuum
1223 841 1429 886 anulum.
1499 841 1611 887 Inde
1637 852 1795 888 contra
1818 841 2007 901 primam
2032 841 2282 888 editionem

219 909 389 970 htstoriae
407 905 865 968 hepaticaeBxANCH1‚
904 904 954 949 in
974 920 1062 963 qua
1090 904 1287 964 plurima
1304 920 1561 965 praeproper
1583 903 1746 966 scripta
1768 905 1955 966 corrigit
1974 923 1984 950 ε
2027 902 2131 950 vasa
2146 903 2283 965 hepa-

219 971 455 1030 ti-cystica
480 969 652 1030 rejicit,
691 971 733 1015 &
762 966 1043 1028 potissimum
1068 968 1203 1013 etiam
1231 966 1462 1015 musculos
1498 968 1695 1015 urethrae
1723 971 1764 1016 ἃ
1791 969 1868 1016 ani
1894 968 2129 1021 emendat,
2166 983 2281 1030 quoe

217 1037 476 1082 BlANcuUs
503 1049 649 1079 novos
671 1033 722 1079 in
750 1034 1005 1079 MANGETI
1035 1029 1204 1078 theatro
1225 1031 1534 1093 proposuerat.

350 1115 623 1175 Adversaria
646 1118 888 1161 anatomica
911 1117 1086 1174 Quarta
1114 1114 1267 1161 Patav.
1289 1126 1424 1172 1719.
1447 1112 1530 1173 4*
1615 1116 1848 1162 Hactenus
1882 1117 2108 1163 LANCIsu
2138 1113 2284 1160 amico

221 1179 471 1227 ministerio
500 1195 602 1226 cum
633 1179 869 1225 BiANCHo
898 1179 948 1224 in
974 1179 1164 1239 gratiam
1192 1178 1411 1232 redierat,
1443 1190 1496 1225 ut
1520 1178 1678 1226 mitius
1712 1192 1867 1240 pergat
1897 1180 2143 1240 corrigere,
2181 1195 2283 1238 quae

222 1257 349 1292 erant
372 1255 482 1290 nota
506 1243 655 1303 digna.
727 1243 794 1289 Ad
819 1257 988 1303 organa
1007 1241 1222 1302 genitalia
1241 1242 1414 1296 virilia,
1454 1242 1510 1288 ad
1533 1241 1654 1290 finus
1680 1242 1888 1290 mucosos
1910 1244 2040 1304 penis
2055 1277 2067 1296 ,
2103 1241 2160 1289 ad
2181 1258 2284 1288 ure-

221 1307 334 1355 thrae
366 1308 599 1369 glandulas
629 1307 680 1352 in
704 1307 1052 1353 TERRANEUM.
1120 1304 1347 1353 Adversus
1367 1308 1575 1354 LlTTRII
1599 1307 1854 1368 prostatam.
1924 1308 2085 1354 Sulcus
2106 1305 2284 1352 medius

157 1381 160 1383 ’
218 1371 379 1431 capitis
419 1371 725 1432 gallinaginis.
795 1371 864 1416 De
899 1370 1145 1415 mulierum
1176 1372 1310 1416 etiam
1341 1371 1631 1431 genitalibus.
1714 1373 1785 1418 De
1825 1371 2052 1432 glandulis
2089 1369 2283 1416 sebaceit
2333 1368 2346 1373 ’

220 1433 362 1482 fufius
385 1437 426 1482 &
443 1435 647 1482 ornatius
667 1452 678 1479 z
715 1434 769 1480 de
797 1434 932 1480 luteis
958 1434 1253 1493 corporibus,
1292 1434 1347 1480 de
1373 1432 1578 1482 veficulis
1594 1469 1606 1488 ‚
1644 1451 1754 1495 quas
1777 1451 1874 1481 non
1898 1433 2036 1481 habet
2053 1450 2135 1494 pro
2152 1434 2251 1479 ovis
2269 1450 2283 1479 ε

219 1499 275 1546 de
287 1499 497 1546 ductibus
512 1515 718 1545 mammae
734 1495 961 1550 ladiiferis,
983 1496 1037 1543 de
1051 1494 1274 1544 foramine
1288 1499 1423 1544 ovali.
1458 1500 1529 1545 De
1546 1499 1743 1559 pilorum
1756 1512 1863 1546 ortu
1878 1515 1933 1545 ex
1952 1499 2040 1545 tela
2053 1495 2282 1544 cellulosa.

351 1580 628 1641 Adveisaria
654 1584 896 1627 anatomica
923 1578 1091 1641 Qyintci
1117 1580 1270 1626 Patav.
1290 1591 1426 1637 1719⁴
1453 1582 1533 1639 4*
1598 1582 1669 1627 De
1701 1580 1910 1629 mammis
1940 1582 1983 1627 ἂ
2017 1581 2285 1641 papillarum

219 1647 381 1692 areolis
403 1679 415 1698 ‚
452 1647 495 1691 δι
517 1645 614 1703 ejus
641 1644 881 1705 glandulis.
950 1646 1020 1689 De
1042 1643 1177 1690 corde
1204 1644 1354 1703 aliqua
1374 1678 1386 1697 ‚
1424 1644 1478 1690 de
1506 1645 1808 1698 valvularum,
1840 1646 1890 1691 in
1920 1659 2187 1705 magnarum
2215 1658 2285 1689 ar-

223 1711 441 1756 teriarum
465 1708 589 1755 ostiis
612 1743 624 1761 ,
664 1707 790 1755 fibris
813 1710 853 1755 &
877 1705 1154 1767 corpusculis
1174 1727 1187 1759 3
1224 1708 1281 1754 ad
1306 1708 1602 1768 pulmonem,
1638 1710 1869 1771 laryngem
1884 1742 1897 1763 ‚
1933 1708 2072 1770 hujus
2093 1708 2285 1755 muciie-

222 1789 297 1820 ros
320 1790 484 1834 poros,
520 1772 575 1818 de
602 1772 855 1833 glandulis,
891 1772 1158 1818 ventriculis
1180 1774 1262 1818 Sec.

350 1853 628 1914 Adverfizria
660 1858 903 1900 mzatomica
934 1856 1065 1900 Sexta
1093 1854 1244 1900 Patav.
1266 1866 1399 1913 1719.
1421 1853 1504 1910 4..*
1552 1853 1622 1900 Ad
1647 1855 1907 1908 cerebrum,
1947 1855 1990 1901 &
2021 1864 2157 1914 caput
2180 1853 2285 1900 uni-

225 1914 418 1964 versum.
487 1919 639 1964 Multa
672 1917 746 1963 hic
780 1920 944 1964 iterum
976 1933 1098 1963 nova
1133 1929 1213 1964 aut
1250 1919 1503 1965 accuratius
1539 1916 1768 1977 expolitam
1821 1920 1874 1965 de
1901 1917 2001 1964 sinu
2037 1918 2281 1978 occipitali.

225 1983 281 2027 de
302 1981 534 2028 traciubus
564 1982 799 2028 nonnullis
830 1979 1086 2027 medullofis
1112 1982 1308 2027 cerebri:
1344 1983 1398 2028 de
1417 1983 1710 2042 receptaculis
1736 1983 1791 2029 ad
1818 1985 1936 2029 latus
1962 1981 2079 2028 sellae
2105 1982 2285 2042 equinae

225 2056 459 2092 accurate:
498 2044 553 2091 de
585 2045 830 2105 appendice
854 2045 1082 2106 glandulae
1117 2047 1382 2104 pituitariae,
1432 2047 1485 2091 de
1518 2045 1695 2092 surculo
1723 2048 1772 2093 in
1796 2047 2004 2093 cranium
2030 2057 2286 2092 recurrente

226 2110 356 2155 nervi
396 2108 514 2155 duri.
584 2110 653 2154 De
682 2111 845 2162 oculo,
894 2109 949 2153 de
985 2108 1070 2154 viis
1098 2109 1423 2163 lacrumarum,
1464 2108 1651 2156 sollicite
1685 2124 1845 2157 contra
1878 2112 2183 2162 BlANCHUM‚
2232 2109 2286 2154 de

227 2172 436 2233 palpebra
470 2173 615 2224 tertia.
686 2174 756 2218 De
779 2174 948 2233 aquula
974 2173 1109 2218 lentis
1137 2172 1418 2232 crystallinae.
1502 2176 1571 2220 De
1599 2174 1810 2228 naribus,
1848 2191 2002 2221 earum
2034 2174 2285 2234 glandulis,

227 2236 282 2282 de
300 2237 534 2299 corniculo
554 2234 829 2295 sphenoideo
854 2234 1078 2296 supremo.
1148 2237 1320 2283 Iterum
1346 2237 1399 2283 de
1419 2237 1576 2299 lingua
1593 2271 1606 2290 ‚
1631 2235 1852 2285 foramine
1873 2239 1970 2300 ejus
1993 2254 2125 2290 caeco,
2163 2238 2289 2298 'glan-

228 2299 346 2346 dulis
366 2331 376 2346 ‚
406 2299 617 2346 ductibus
645 2298 918 2348 salivalibus.

357 2382 459 2428 Hoc
491 2381 648 2427 eodem
674 2397 797 2428 anno
826 2396 960 2440 1719.
1011 2382 1282 2441 Adveisaria
1308 2382 1387 2442 fiex
1411 2384 1704 2431 MORGAGNI
1740 2383 1913 2430 Patavii
1932 2382 2011 2442 4*
2047 2383 2289 2443 conjunffta

228 2443 381 2492 recusa
411 2444 543 2498 sunt,
580 2445 728 2491 Leidae
750 2448 917 2492 iterum
933 2446 1160 2507 impressa.

229 2589 288 2638 V·
350 2527 701 2636 lEJUSfD..N0va
728 2531 1050 2589 Institutionum
1074 2529 1333 2576 medicarum
1359 2528 1455 2574 idea
1486 2530 1636 2576 Patav.
1659 2541 1791 2589 1712.
1813 2533 1889 2588 4.*
1925 2531 2046 2577 Leid.
2080 2543 2211 2587 1740.
2242 2535 2287 2582 8.

274 2605 325 2637 lx
369 2606 441 2637 luc
487 2602 589 2636 aclt.

362 2673 480 2720 Cum
514 2673 794 2720 EusrAcnn
835 2673 1000 2720 tabulis
1043 2690 1067 2720 a
1108 2674 1353 2722 Lismsm
1387 2674 1520 2721 editis
1556 2675 1726 2734 prodiit
1767 2676 1926 2721 Romae
1955 2687 2087 2732 1714.
2129 2673 2205 2720 fol.
2246 2675 2289 2720 δε

234 2743 370 2796 1728.
396 2735 507 2783 fot*
541 2736 725 2797 epistola
752 2738 1071 2791 MORGAGNJ,
1110 2739 1159 2783 in
1188 2754 1276 2797 qua
1293 2738 1444 2797 aliqua
1470 2739 1657 2784 inventa
1686 2737 1851 2784 summi
1874 2740 1960 2783 viri
1980 2737 2285 2790 recensentur,

233 2803 274 2848 &
304 2803 401 2848 loca
426 2801 646 2847 librorum
677 2800 905 2846 editorum
929 2799 1243 2848 conferuntur.
1310 2803 1380 2847 De
1409 2800 1623 2849 musculis
1655 2801 1745 2847 nasi
1772 2802 1878 2861 agit.

359 2888 536 2958 EJUSD.
585 2897 766 2958 Epzstolae
801 2901 1063 2945 Anatomicae
1095 2915 1227 2944 novas
1259 2897 1570 2956 observationes
1615 2896 1674 2952 Εεῗ
1710 2895 2089 2952 animadversiones
2118 2898 2290 2957 comple-

234 2960 383 3008 &entes
415 2962 541 3010 Leid.
564 2967 696 3020 1728.
718 2959 799 3020 4*
834 2975 1019 3009 curante
1039 2963 1395 3071 BOERHAAEVIO.
1469 2963 1668 3021 Utraque
1694 2962 1755 3007 est
1783 2960 1997 3007 adversus
2017 2963 2058 3023 J.
2075 2959 2122 3008 B.
2138 2963 2289 3006 ΒΞΑΝ-

1338 3036 1368 3073 2
2182 3035 2287 3069 cm.
