2531 3394
287 114 387 159 ωε
460 171 471 174 „
676 114 814 162 rra.
864 97 957 161 ix.
1025 110 1443 162 ANAToMEs
1491 112 1944 183 PERFECTIQ.
1991 118 2005 133 ¹

803 242 848 301 ἕ.
894 243 1236 292 MCCXXV.
1334 245 1382 292 P.
1415 245 1470 292 A.
1507 246 1788 295 MARHERR.

425 337 646 403 Philippus
670 334 914 401 Ambrosias
926 344 1190 390 MARHERR
1214 341 1266 388 de
1289 342 1571 390 eleelricitatzls
1595 362 1721 391 aereae
1742 349 1786 391 in
1797 358 1940 408 corpus
1951 344 2178 396 humanum
2189 353 2347 400 afflone
2417 376 2423 378 ”

295 404 422 465 Prag.
449 409 582 463 1766.
608 405 690 464 4*
758 407 980 453 Animalia
1007 407 1057 451 in
1081 413 1180 452 aere
1207 422 1305 454 non
1334 419 1554 454 renovato
1585 408 1772 455 interire
1791 443 1804 462 ,
1837 409 1961 470 quod
1986 411 2346 467 101οἃ11οε1100ῖο-

292 470 362 514 ria
387 469 500 516 a'e'ris
525 486 603 529 per
622 486 809 530 vapores
834 470 1063 529 pulmonis
1093 469 1361 518 destruatur.
1797 495 1799 497 ·

422 552 514 612 EJ..
538 552 816 598 Praeleeft'iones
830 555 872 597 in
890 552 1207 599 BOERHAAVII
1231 555 1517 613 Institutiones
1533 553 1713 600 medicas
1739 555 1892 602 &Wien
1911 568 2045 615 1772.
2067 556 2147 611 8.*
2164 559 2346 618 posthu-

282 610 423 661 'mum
440 631 552 675 opus
569 617 609 661 &
622 613 770 675 aspera
784 615 980 660 dictione
995 613 1184 662 editum.
1233 617 1441 677 Juvenis,
1461 630 1692 664 anatomes
1713 635 1870 679 expers
1883 618 1985 673 fuit,
2007 622 2057 667 in
2070 624 2180 669 locis
2193 627 2349 671 auclo-

297 694 401 724 rum
424 680 678 738 repetendis
703 676 842 724 fusus.
913 681 1031 724 Ante
1059 695 1137 725 cor
1162 696 1327 726 venam
1355 697 1508 726 cavam
1536 683 1578 727 Sc
1608 698 1762 728 aurem
1783 683 1987 730 dextram
2005 687 2194 733 moveri.
2248 690 2348 736 Ma-

296 742 455 788 xillam
491 741 751 789 inferiorem
784 742 839 787 ad
868 743 1033 802 glenen
1063 743 1278 803 adaptari.
1347 742 1505 790 Paffim
1532 762 1773 792 novorum
1809 747 2108 795 inventorum
2141 754 2346 799 auclores
2417 803 2424 815 s

298 804 518 852 detreetat
549 807 684 852 citare
704 840 715 858 ‚
752 817 806 852 ut
834 806 1034 852 inventae
1061 807 1308 860 arteriolae,
1350 825 1450 868 quae
1483 825 1507 854 a
1534 810 1720 856 naribus
1760 811 1814 856 ad
1843 813 2045 871 palatum
2071 829 2175 859 cum
2205 815 2346 864 dufiu

298 868 490 915 incisivo
521 867 759 915 descendit.
829 869 1025 916 Salivam
1055 882 1208 916 tamen
1243 869 1468 918 fervorem
1499 873 1628 919 ciere.
1692 873 1955 922 Musculum
1989 878 2239 924 levatorem
2270 896 2349 939 pa-

298 933 377 979 lati
407 933 554 979 mollis
588 949 715 979 nares
746 933 978 986 claudere,
1032 933 1106 980 1110
1132 947 1290 981 contra
1315 939 1586 989 ALBINUM,
1640 935 1719 982 etsi
1753 940 1891 984 alium
1920 942 2156 994 nominat,
2212 960 2348 1002 quem

298 995 479 1042 refutet.
548 997 618 1041 De
644 994 846 1042 sudiione
868 1013 924 1043 ex
952 998 1169 1047 PETlTo.
1239 1001 1478 1046 ALBINUM
1515 999 1687 1060 septem
1712 1001 1761 1047 in
1786 1004 2042 1050 ventriculo
2065 1006 2243 1053 tunicas
2261 1024 2348 1053 nu-

299 1059 478 1105 meraffe
510 1057 782 1120 (nunquam
813 1061 1136 1116 numeravit).
1205 1063 1466 1109 Ventriculi
1502 1062 1628 1110 fibrae
1652 1065 1702 1110 in
1730 1065 1818 1111 alio
1860 1068 1902 1113 &
1926 1068 2014 1113 alio
2044 1084 2233 1128 corpore
2270 1073 2350 1117 ali-

298 1121 368 1168 ter
397 1122 439 1169 se
461 1122 641 1169 habent.
710 1124 1033 1170 Ventriculum
1059 1142 1152 1171 non
1187 1127 1316 1186 plene
1343 1129 1565 1175 evacuari.
1633 1129 1773 1174 Bilem
1790 1146 1966 1176 acorem
1998 1148 2094 1177 non
2123 1131 2345 1195 frangere,

294 1188 452 1232 oleum
479 1203 576 1232 non
602 1184 847 1240 resolvere,
885 1200 1098 1235 caeterum
1126 1191 1291 1235 iterum
1324 1190 1397 1237 1110
1418 1191 1612 1250 injustus
1640 1192 1690 1237 in
1715 1191 1957 1240 refutando
1985 1212 2053 1243 00,
2089 1199 2168 1256 qui
2190 1197 2351 1247 BOER..

300 1251 537 1297 HAAVIUM
570 1266 666 1296 non
687 1248 906 1311 sequitur.
974 1251 1288 1299 Adhaefionem
1321 1255 1668 1305 HAMBERGERI
1697 1270 1824 1303 acute
1850 1260 2005 1318 carpit.
2098 1260 2349 1307 Cisternam

298 1312 423 1372 chyli
444 1311 703 1373 frequenter
725 1316 934 1375 reperiri,
966 1332 1061 1361 non
1087 1316 1217 1364 bene.
1288 1319 1531 1364 Valvulam
1561 1319 1722 1365 duetus
1748 1319 1966 1367 thoracici
1988 1322 2210 1383 relapsum
2226 1325 2349 1385 chyli

297 1393 397 1424 11011
426 1377 657 1437 impedire.
723 1380 778 1424 In
806 1379 953 1425 bestiis
979 1380 1191 1440 impedit,
1225 1381 1276 1427 in
1308 1380 1494 1428 homine
1527 1383 1690 1429 ductus
1717 1385 1767 1430 in
1789 1401 1951 1430 venam
1979 1384 2221 1434 descendit.

428 1459 484 1505 T.
511 1459 569 1505 H.
607 1460 782 1520 Proprii
808 1460 951 1514 nihil,
989 1459 1063 1507 sed
1087 1463 1197 1508 acris
1221 1464 1270 1509 in
1292 1464 1518 1523 carpendo
1547 1466 1587 1510 &
1608 1463 1770 1524 asperis
1795 1467 1984 1513 vocibus
2004 1484 2100 1513 non
2120 1469 2346 1517 abstinens

297 1525 486 1569 audior:
525 1525 563 1569 &
598 1525 806 1570 eumdem
829 1526 996 1584 pariter
1019 1525 1336 1587 physiologum
1366 1525 1684 1587 persequatur,
1717 1530 1847 1588 c-uJus
1872 1542 2027 1576 tamen
2044 1534 2232 1578 inventa
2252 1550 2348 1580 non

300 1587 495 1645 ignorat.
567 1588 750 1634 Subtilis
769 1589 938 1648 judex:
984 1591 1181 1636 Arterias
1208 1592 1257 1636 in
1282 1592 1390 1637 vivo
1408 1592 1601 1637 animale
1625 1592 1821 1652 majores
1855 1592 1960 1647 effe,
1999 1612 2134 1655 quam
2157 1605 2256 1642 cera
2282 1614 2350 1643 re-

301 1652 441 1710 pletas
460 1683 472 1702 ,
508 1650 623 1696 nihil
646 1668 750 1712 ergo
783 1651 1013 1700 mensuras
1040 1655 1094 1699 ab
1120 1654 1212 1700 istis
1239 1652 1404 1701 sumtas
1430 1655 1603 1701 docere.
1673 1657 1948 1717 Sanguinem
1977 1671 2130 1705 tamen
2158 1677 2232 1719 per
2250 1663 2350 1721 pul-

298 1730 481 1759 monem
506 1715 693 1761 celerius
721 1716 970 1763 circumire.
1039 1719 1218 1764 Nervos
1254 1730 1405 1764 tamen
1434 1718 1489 1764 ad
1523 1719 1790 1765 irritabilem
1824 1722 1971 1768 cordis
2002 1735 2211 1769 naturam
2243 1741 2350 1771 con-

299 1775 443 1828 101103
484 1780 524 1823 81
549 1780 694 1838 ligatis
723 1780 872 1826 nervis
899 1792 1075 1826 motum
1103 1782 1248 1827 cordis
1283 1783 1539 1835 debilitari,
1578 1783 1724 1828 redire
1761 1781 1920 1831 solutis
1957 1784 2149 1837 (falsum
2177 1789 2351 1848 experi-

301 1845 570 1896 mentum).
641 1844 914 1902 Sanguinem
946 1844 1000 1890 ad
1030 1845 1263 1891 cerebrum
1284 1846 1575 1900 tendentem,
1612 1863 1708 1892 11011
1729 1847 1810 1893 effe
1837 1848 2100 1896 densiorem.
2172 1852 2348 1899 Contra

302 1905 596 1957 anatomicos,
627 1906 672 1951 in
706 1908 911 1954 minutiis
934 1908 1106 1954 cerebri
1139 1909 1389 1970 diligentes.
1458 1911 1544 1957 Pro
1568 1911 1741 1957 arteriis
1764 1911 1908 1965 flavis,
1937 1914 2188 1973 pellucidis.
2239 1917 2351 1963 Non

300 1967 439 2020 110110,
475 1969 523 2013 111
550 1971 720 2016 arteriis
745 1969 890 2017 serum
924 1974 1060 2018 latera
1087 1985 1255 2019 tenere.
1328 1975 1604 2034 Sanguinem
1626 1977 1675 2020 in
1706 1976 1887 2022 cellulas
1921 1978 2053 2024 lienis
2084 1974 2272 2026 effundi.

430 2051 484 2095 T.
508 2050 586 2096 111.
626 2052 913 2099 Membranas
940 2052 1123 2100 vitiosas
1144 2055 1303 2114 utique
1327 2072 1382 2100 ex
1406 2053 1538 2101 succo
1560 2054 1807 2110 consistere.
1879 2058 2099 2118 Saporum
2118 2058 2344 2107 diversita-

301 2125 393 2159 tem
433 2129 529 2158 non
563 2112 644 2159 esse
680 2131 704 2160 a
743 2114 900 2177 figuris
928 2115 1100 2163 salium.
1194 2120 1367 2165 Uveam
1398 2132 1549 2165 tamen
1580 2120 1702 2167 oculi
1739 2121 1942 2167 tunicam
1974 2121 2090 2181 poffe
2116 2125 2351 2172 circulares

257 2188 261 2192 “
302 2175 437 2223 fibras
462 2176 648 2230 habere,
687 2178 762 2225 etsi
800 2197 859 2226 eae
892 2181 1186 2227 demonstrari
1221 2195 1464 2241 nequeant.
1543 2184 1694 2243 Negat
1725 2183 1919 2244 impulsu
1954 2185 2184 2247 sanguinis
2224 2189 2352 2236 autffa

303 2238 404 2286 vasa
442 2241 566 2286 iridis
606 2243 810 2302 longiora
848 2245 987 2290 reddi.
1058 2246 1174 2291 Cum
1217 2249 1354 2292 anulo
1394 2245 1578 2303 mucoso
1604 2256 1827 2293 'coronam
1859 2251 2053 2295 ciliarem
2090 2249 2350 2300 confundit.

303 2304 827 2353 Arteriolamcentralem
854 2310 1350 2363 retinaeDUVERNx-:Y1‚
1373 2312 1426 2356 ab
1454 2312 1651 2360 ALBINO
1674 2324 1955 2366 renovatam,
1981 2330 2077 2359 non
2101 2314 2214 2361 bene
2232 2317 2350 2363 Zm-

304 2381 395 2414 ΜΟ
423 2368 597 2414 tribuit.
665 2371 749 2416 Pro
779 2374 942 2430 aquula
969 2373 1232 2432 labyrinthi.
1302 2376 1356 2421 In
1377 2373 1535 2420 somno
1559 2373 1825 2434 sanguinem
1848 2378 2017 2424 lentius
2045 2378 2197 2425 fluere.
2263 2381 2350 2427 Pro

302 2432 556 2478 HALLERO
585 2433 634 2478 in
659 2432 961 2494 respirationis
991 2438 1173 2497 negotio
1194 2473 1206 2490 ,
1243 2436 1325 2483 nili
1353 2439 1475 2497 quod
1509 2452 1643 2499 neget
1673 2457 1697 2485 a
1729 2442 1967 2487 voluntate
2001 2441 2209 2501 pendere.
2279 2446 2349 2491 Sic

300 2495 358 2540 de
386 2511 573 2554 corpore
608 2498 730 2543 luteo
765 2501 805 2544 8<
836 2503 1141 2559 generatione.
1212 2503 1437 2563 Vaginam
1472 2503 1618 2549 valide
1658 2504 1919 2564 constringi.
1989 2506 2148 2551 Fetum
2182 2507 2345 2566 perire,

302 2557 335 2604 si
376 2556 632 2605 funiculum
676 2563 926 2621 neglexeris
960 2564 1110 2624 ligare.
1203 2567 1316 2612 Non
1366 2568 1580 2626 explicari
1614 2569 1831 2629 majorem
1868 2569 2137 2615 diametrum
2181 2571 2351 2616 arteriae

303 2623 576 2681 pulmonalis
615 2641 638 2669 a
677 2627 836 2686 majori
866 2626 1084 2672 diametro
1119 2628 1278 2676 ductus
1320 2629 1533 2677 arterioli.
1624 2632 1709 2678 Pro
1748 2632 1918 2686 naevis,
1962 2631 2122 2680 vidiffe'
2149 2635 2351 2695 exempla

302 2687 666 2734 SWiETENIUM.

884 2758 921 2807 §.
961 2755 1339 2804 MCCXXVI.
1440 2758 1774 2820 Dzffintationes.

440 2847 597 2908 (3chch
624 2849 912 2898 VIEUSSEUX
942 2851 992 2898 de
1021 2853 1220 2899 erefflione
1255 2854 1379 2901 Leid.
1406 2862 1542 2914 1766.
1577 2855 1656 2915 4*
1724 2857 1968 2917 Scepticus.

433 2930 649 2990 Sylvestris
672 2933 916 2982 DOUGLAS
945 2930 1117 2980 diffide
1132 2934 1308 2994 stimulis
1352 2935 1476 2985 Leid.
1503 2944 1636 2997 1766.
1664 2936 1747 2997 4.*
1810 2939 1865 2986 In
1906 2938 2136 2989 bronchiis
2168 2939 2350 3003 suspen-

304 2989 458 3039 sorum
488 3008 650 3053 aquam
679 2994 1035 3058 spumescentem
1065 2997 1266 3060 reperiri.
2249 3024 2350 3073 Alb,
