2531 3394
675 83 1814 185 is.11'09„J.GronoaoEDERER:
1940 59 1944 62 .
2054 69 2060 73 ’
2175 115 2267 167 453

201 230 320 299 Jpl0'3
357 234 518 291 dari&
550 231 732 287 rubras,
765 245 980 294 utrasque
1011 234 1248 281 irritabiles
1267 230 1362 278 effe.
1431 231 1612 294 Cuique
1639 230 1764 280 fibrae
1793 232 1896 280 suos
1921 234 2003 282 ess'e
2034 235 2264 291 stimu103‚

215 312 455 359 cutemque
491 315 516 344 a
550 295 748 358 frigore,
786 296 1155 352 terroreyfebre‘
1171 294 1394 343 contrahi.
1482 300 1690 344 Alternas
1730 295 1850 343 vices
1887 299 2033 346 cordis
2059 313 2212 347 tamen
2242 318 2268 347 a

215 361 471 424 compreffis
504 363 624 408 inter
650 378 810 422 magna
834 360 933 408 vasa
959 362 1108 409 nervis
1143 359 1225 407 effe
1261 361 1343 406 &c.
1411 359 1563 407 Fibras
1592 359 1867 407 musculosas
1888 395 1900 414 ,
1943 379 2076 420 porro
2109 365 2157 410 in
2184 363 2269 424 hy-

211 424 420 488 potheses
446 424 676 486 delapsus,
711 424 891 486 spitales
915 424 995 471 effe
1016 425 1170 476 docet,
1203 440 1450 484 cavasque,
1487 427 1529 471 &
1552 423 1775 478 contrahi,
1805 425 1990 484 quando
2019 423 2265 486 replentur.

213 493 402 538 Alterna
447 491 615 536 laxatio
654 488 709 535 fit
740 505 762 535 a
801 489 953 534 nervis
989 489 1110 534 inter
1145 485 1283 548 spiras
1318 489 1415 548 ejus
1447 487 1639 535 cochleae
1668 487 1938 548 compreffisl
2021 490 2133 536 Non
2173 491 2270 538 dari

175 583 177 588 f
213 556 323 602 duas
355 552 501 600 classes
531 550 867 604 musculorum,
900 550 1257 611 spontaneorum
1284 553 1326 597 &
1352 553 1584 600 voluntati
1604 551 1915 599 servientium.

337 636 544 696 Praelegit
570 651 608 679 a.
630 639 763 691 1756.
797 631 850 677 de
875 633 1023 678 vitulo
1051 632 1332 687 monstroso,
1375 634 1517 693 capite
1544 631 1634 680 fere
1664 634 1858 694 duplici,
1897 651 1953 681 ex
1983 634 2162 681 duobus
2200 651 2269 681 ca-

215 699 388 759 pitibus
408 695 668 808 COF³POHt⁰‘
761 696 1008 743 Cerebrum
1032 697 1239 744 unicum.
1336 697 1405 744 Ad
1426 696 1515 743 offa
1547 696 1821 744 conformati
1843 697 2050 745 musculi.
2144 701 2271 746 Alter

214 766 374 810 oculus
396 764 451 809 eli
474 778 544 814 us.
1173 783 1178 792 ·

342 845 475 892 IDEM
501 841 659 895 eodem
684 857 806 887 anno
832 857 967 901 porro
998 841 1052 888 de
1076 841 1180 889 urso
1206 843 1321 902 egit,
1361 842 1505 902 deque
1530 843 1626 904 ejus
1650 844 1857 890 animalis
1876 846 2109 905 pulmone.
2179 843 2270 890 Ve-

213 906 370 955 ficulas
396 903 678 966 pulmonales
704 923 727 952 a
754 904 1047 952 cellulofitate
1074 905 1267 953 diversas
1292 907 1504 953 admittit.

343 990 413 1098 ΙΞΓΕ
435 1003 541 1034 rene
563 985 754 1033 infantis
778 987 916 1034 unico
932 1020 944 1041 ,
980 989 1030 1034 in
1055 988 1266 1035 renculos
1294 988 1492 1035 minores
1512 987 1672 1042 diviso,
1704 1006 1839 1050 quem
1859 1000 1990 1051 putat
2009 1005 2064 1036 ex
2084 988 2268 1036 duobus

214 1053 362 1100 coalui
399 1069 435 1098 e.
2275 1078 2277 1080 .

343 1135 414 1180 De
441 1150 557 1194 agno
590 1131 777 1192 sepede,
811 1133 997 1194 ejusque
1034 1132 1200 1193 pedum
1229 1131 1443 1180 musculis
1483 1135 1525 1180 &
1566 1135 1824 1196 ligamentis
1863 1148 2024 1196 praeter
2061 1147 2289 1180 naturam-

213 1197 545 1245 accedentibus.
613 1198 845 1244 Tendines
872 1195 1039 1256 absque
1065 1196 1294 1244 musculis.
1363 1199 1477 1244 Non
1504 1201 1623 1246 recle
1651 1198 1725 1247 hic
1757 1201 1826 1247 vir
1854 1201 1925 1248 Cl.
1954 1216 2040 1246 nos
2071 1196 2267 1251 reFutat,

213 1260 335 1322 quali
358 1263 483 1308 nulla
507 1261 809 1308 accidentium
836 1261 1033 1307 monstra
1058 1260 1388 1309 admififfemus.

345 1343 478 1390 IDEM
505 1359 607 1390 cum
634 1342 871 1390 Academia
895 1343 1232 1402 Petropolitana
1252 1341 1437 1390 insolito
1462 1344 1672 1392 instituto
1694 1348 1926 1407 praemium
1952 1345 2134 1407 quidem
2169 1361 2272 1406 pro-

215 1418 404 1469 poneret
431 1408 496 1459 ei,
543 1408 622 1466 qui
649 1407 989 1465 imaginationis
1022 1419 1237 1453 maternae
1269 1408 1313 1453 in
1342 1406 1486 1454 fetum
1519 1408 1765 1457 efficaciam
1797 1411 1966 1471 optime
2004 1414 2274 1469 interpreta-

213 1485 365 1523 retur,
403 1487 452 1516 ea
483 1482 635 1517 tamen
662 1471 815 1516 addita
839 1471 1130 1524 conditione,
1167 1484 1219 1518 ut
1245 1472 1282 1518 is
1311 1469 1432 1519 solus
1467 1474 1704 1532 praemium
1734 1478 1952 1535 acciperet
1971 1508 1983 1528 ‚
2032 1473 2114 1533 qui
2152 1473 2271 1520 hanc

214 1536 309 1583 vim
335 1535 618 1587 admitteret,
658 1535 825 1580 excidit
853 1535 1014 1594 utique
1034 1536 1244 1595 praemio,
1283 1536 1379 1595 ejus
1406 1553 1512 1583 vcro
1537 1537 1779 1584 differtatio
1801 1538 2031 1598 Petropoli
2067 1536 2187 1584 edita
2208 1536 2272 1583 est

219 1605 356 1657 1756.
380 1597 460 1658 4)(ν
525 1600 713 1645 Nullam
739 1597 820 1644 effe
854 1600 973 1644 inter
1001 1597 1103 1644 vasa
1138 1602 1255 1646 uteri
1287 1601 1329 1646 &
1372 1601 1588 1660 placentae
1622 1604 2119 1648 communicationem:
2164 1617 2271 1648 cum

214 1674 377 1724 praeter
406 1663 556 1723 priora
592 1675 890 1722 argumenta,
933 1664 1060 1708 nulla
1101 1679 1199 1709 cera
1231 1680 1286 1709 ex
1317 1676 1448 1710 utero
1483 1665 1533 1710 in
1563 1664 1682 1712 fetus
1723 1664 1822 1712 vasa
1858 1664 2083 1718 transeat,
2124 1681 2272 1725 neque

214 1725 420 1773 viciffim.
519 1727 727 1772 Placenta
761 1724 944 1772 succum
981 1727 1164 1786 quidem
1200 1728 1396 1787 aliquem
1438 1728 1490 1774 de
1528 1742 1669 1776 matre
1710 1729 1860 1790 sugit,
1906 1746 1984 1790 per
2020 1745 2124 1775 eum
2162 1746 2271 1775 vero

215 1792 285 1837 vis
318 1802 532 1836 maternae
563 1789 902 1850 imaginationis
934 1791 1146 1849 explicari
1181 1792 1353 1851 nequit.
1423 1793 1594 1840 Naevos
1619 1810 1714 1839 non
1739 1792 1902 1854 absque
1931 1791 2152 1854 figmento
2191 1794 2272 1838 ali-

216 1871 308 1914 quo
345 1853 684 1900 {imilitudinem
727 1870 886 1899 eorum
921 1853 1207 1914 exprimere,
1253 1855 1418 1915 quibus
1462 1855 1607 1903 solent
1638 1859 1888 1918 comparari
1934 1859 2017 1904 Sco·
2085 1857 2272 1910 Germa-

216 1919 317 1965 nice
347 1917 517 1978 prodiit
546 1915 661 1978 Lips.
682 1923 815 1975 1758.
839 1916 918 1976 4.’ε

345 1999 402 2045 In
442 1998 781 2058 observationum
812 1999 1073 2047 medicarum
1108 1999 1160 2046 de
1184 2012 1319 2062 partu
1358 2001 1563 2061 laborioso
1594 2002 1812 2051 decadibus
1849 2004 2006 2052 duabus
2055 2004 2269 2065 Gotting„

222 2068 356 2122 1756.
383 2067 460 2121 4*
493 2064 642 2122 aliqua
669 2062 759 2110 huc-
781 2062 955 2111 faciunt
973 2099 986 2118 ‚
1023 2078 1074 2112 ut
1096 2063 1215 2112 fetus
1240 2066 1319 2111 diu
1347 2066 1395 2112 in
1427 2079 1557 2114 utero
1581 2074 1801 2123 retentus,
1828 2071 2123 2131 incorruptus
2144 2104 2156 2122 ‚
2192 2085 2271 2117 ne«

220 2144 307 2189 que
337 2127 470 2173 matri
495 2127 724 2174 molestus.

347 2210 421 2269 EJ.
459 2209 613 2269 Progr.
638 2209 689 2255 de
704 2209 953 2270 genitalibus
980 2214 1178 2257 virorum
1213 2213 1424 2273 Gotting.
1444 2220 1578 2271 1758.
1605 2212 1689 2274 4*
1755 2216 1936 2264 Tunica
1960 2217 2179 2277 vaginalis
2210 2226 2275 2261 te·

219 2273 294 2320 stis
320 2272 501 2332 duplex.
570 2274 808 2320 Glandulae
828 2272 988 2320 faetidae
1010 2275 1209 2323 TYSONI
1238 2279 1287 2322 in
1316 2279 1388 2323 lue
1426 2294 1614 2324 venerea
1647 2281 1901 2340 ampliores.
1967 2280 2121 2327 Testes
2150 2277 2272 2325 fetus

220 2338 272 2383 in
300 2338 511 2396 peculiari
540 2334 665 2383 sacco
694 2338 951 2384 abdominis
972 2341 1199 2385 contineri
1234 2341 1420 2397 (verius
1445 2342 1495 2387 in
1522 2343 1768 2401 peritonaeo
1791 2344 2154 2398 continentur),
2192 2342 2271 2402 qui

220 2397 429 2472 cellulosa
463 2401 680 2461 mollique
715 2402 803 2448 tela
831 2403 1044 2462 repletur.
1127 2404 1183 2450 In
1219 2419 1365 2465 nuper
1400 2405 1518 2452 natis
1547 2408 1683 2466 paulo
1720 2406 2004 2469 frequentius
2046 2410 2095 2454 in
2123 2405 2272 2453 scroto

218 2476 526 2525 reperiuntur.

346 2545 402 2597 In
428 2561 574 2605 progr.
598 2543 908 2604 observationes
934 2564 985 2593 ex
1016 2548 1292 2596 cadaveribus
1318 2550 1533 2611 infirmum
1558 2552 1755 2611 morbosis
1793 2554 2004 2613 Gotting.
2034 2565 2113 2611 175
2122 2558 2165 2602 8.
2192 2548 2274 2609 4*

222 2609 512 2655 memorabile
543 2611 797 2668 exemplum
823 2609 884 2655 cst
909 2610 1118 2663 vasorum
1142 2614 1403 2666 lad'teorum,
1436 2617 1560 2662 luteo
1591 2615 1723 2663 succo
1753 2619 1793 2664 &
1822 2618 1902 2663 bili
1923 2617 2053 2662 simili
2082 2617 2298 2675 repleto:

225 2688 343 2719 rum.
430 2673 558 2719 Puris
584 2673 857 2733 principium
899 2674 959 2720 est
996 2676 1046 2722 in
1078 2675 1238 2724 habitu
1273 2677 1578 2740 lymphatico,
1616 2682 1822 2728 accedere
1846 2682 2072 2740 reliquum
2106 2679 2162 2725 ab
2189 2678 2274 2726 hu·-

223 2736 363 2782 moris
390 2734 588 2782 morbosi
617 2735 847 2791 metastasi.

351 2818 424 2877 EJ.
459 2821 525 2863 De
535 2816 636 2879 fetu
661 2818 969 2877 observationes·
1001 2820 1212 2882 Gotting.
1235 2829 1370 2880 1758.
1395 2823 1478 2882 4.ἰν
1545 2827 1765 2872 Humoris
1789 2826 1928 2872 amnii
1945 2835 2154 2871 naturam
2177 2842 2276 2872 mu-

227 2875 374 2924 cosam
406 2880 517 2934 effe,
564 2899 711 2942 neque
743 2884 853 2928 adeo
892 2884 1106 2930 alibilem.
1176 2887 1324 2932 Ovale
1358 2885 1562 2935 foramen
1594 2903 1768 2949 patere,
1811 2889 1994 2949 quando
2031 2887 2151 2935 finus
2184 2890 2275 2935 laxi

227 2939 719 3055 sunt.dffil}xomphalos
757 2959 1008 3002 conflatu-s,
1048 2951 1089 2996 ἃ
1126 2949 1414 3012 diaphragma
1451 2969 1615 3014 magno
1648 2950 1869 3000 foramine
1897 2954 2120 3014 patulum.
2177 2955 2277 3000 Ma-

232 3019 318 3052 nus
426 3023 581 3059 onms.
1842 3054 1845 3055 γ
2211 3021 2279 3063 De
