2531 3394
671 138 1041 201 §.8222823
1108 142 1158 192 F.
1194 110 1427 192 P'En'r.
1496 141 1803 195 Asmuc.
1980 130 1981 133 ’
2061 214 2066 215 ⁷
2194 144 2282 214 ’γε

271 318 288 327 χ
353 271 528 333 EJusn.
564 273 632 317 De
658 283 775 334 motu
800 272 1029 332 masculari
1060 268 1192 318 Paris.
1215 283 1350 328 1710.
1372 281 1442 317 12.
1496 271 1610 317 Non
1631 271 1740 318 vidi.
1799 272 1855 319 In
1877 276 2136 326 Mirum-:Ti
2162 275 2281 327 thea-

225 328 301 385 tre
320 336 466 389 redit,
502 347 674 383 mutata
707 347 872 383 tamen.
940 332 1205 383 Musculum
1234 350 1290 380 ex
1315 332 1522 382 veficulis
1547 336 1792 396 componi,
1846 354 1955 398 quas
1984 341 2161 391 irruens
2194 341 2281 406 spi.

164 420 173 423 Α
227 401 342 449 titus
378 401 537 448 elevet.

335 482 431 543 'EJ.
471 486 538 528 De
563 482 606 528 la
635 481 835 542 digestion
863 478 933 525 des
953 478 1155 532 climens,
1188 492 1300 541 pour
1331 479 1579 527 demontrer
1600 481 1744 540 qu’elle
1770 482 1819 540 se
1835 481 1931 542 fait
1955 497 2044 544 par
2075 486 2112 531 le
2134 487 2277 547 moyen

225 545 288 593 du
318 546 459 592 levain
498 545 780 605 Montpelier
797 556 927 599 1710.
943 556 989 601 4.
1060 544 1325 604 Przelegerat
1348 560 1500 590 coram
1528 546 1751 591 Societate
1776 547 1918 607 Regia
1945 547 2090 594 Mons
2084 551 2276 608 pelienfi‚

227 611 279 657 in
311 611 440 671 cujus
463 614 680 655 memoires
702 607 798 653 haec
822 605 932 652 Diffi
960 607 1192 666 repetitur.
1264 608 1439 654 Contra
1460 609 1788 663 HECQUETUM
1805 644 1818 663 ‚
1862 611 2071 670 viresque
2090 613 2277 669 nimias,

227 686 385 720 contra
406 689 515 734 quas
542 669 844 718 demonstrare
870 682 1061 716 conatus
1102 669 1188 723 est,
1226 668 1386 717 fibram
1408 672 1671 718 circularem
1698 689 1796 719 non
1826 673 1945 734 posse
1975 678 2284 724 coiitradtione

225 736 305 784 sua
333 737 386 783 ad
415 748 621 784 centrum
645 733 882 785 accedere3
920 735 961 780 &
988 732 1018 779 si
1035 733 1404 788 contraheretur,
1439 751 1537 781 non
1560 736 1624 782 ita
1647 739 1821 783 arctum
1841 735 1941 784 fieri
1957 740 2282 793 ventriculum,

223 814 279 848 ut
306 799 348 847 se
375 801 476 848 cibo
507 799 701 858 adaptet.
767 794 959 844 Dissolvi
988 797 1170 852 cibum,
1206 813 1305 845 non
1324 799 1576 846 comminui
1591 818 1606 853 3
1648 798 1831 848 salivam
1858 818 1910 848 eo
1931 800 2075 849 facere
2098 804 2140 850 δι
2171 803 2283 852 alios

223 863 452 912 humores.

352 945 389 990 E
391 959 428 1004 J.
466 942 763 1003 Asemoireficr
781 943 823 990 Ia
837 943 1033 1005 digestion
1046 943 1117 989 des
1130 943 1304 990 alimenr
1323 944 1444 991 Paris
1463 958 1520 1004 17
1530 959 1547 991 1
1561 960 1597 991 1.
1613 952 1640 1000 8
1659 965 1672 1000 3
1709 946 1917 996 recusum
1930 965 2033 996 cum
2044 950 2283 1007 HECQUE-

224 1023 276 1056 TI
294 1024 426 1068 opere
445 1008 565 1054 Paris
587 1019 719 1065 1730.
742 1007 845 1054 12.*
873 1010 921 1054 in
939 1009 994 1054 T.
1009 1005 1224 1054 secundo,
1288 1010 1462 1055 Contra
1491 1011 1651 1057 tritum
1678 1011 2108 1067 PITCARNJANUM‚
2146 1017 2187 1061 &
2216 1015 2286 1059 ni-

222 1074 333 1120 mias
349 1075 463 1119 vires
478 1072 735 1119 ventriculo
752 1069 1009 1132 adscriptas.
1029 1073 1118 1118 Hic
1129 1073 1204 1118 illa
1217 1071 1540 1120 demonstratio
1553 1075 1736 1135 adparet
1749 1077 2046 1126 PITCARNIO
2063 1076 2282 1139 obposita.

352 1169 428 1230 EJ.
469 1172 544 1215 Tr.
572 1166 686 1214 dela
712 1167 909 1230 digestim
925 1203 937 1222 ,
962 1181 1078 1230 pour
1099 1168 1264 1230 refuter
1284 1170 1323 1216 le
1340 1187 1536 1218 nouveau
1550 1170 1708 1232 fisteme
1723 1172 1836 1221 dela
1859 1179 2119 1223 trituration
2156 1176 2284 1223 Tou-

224 1231 350 1282 loufe
376 1244 511 1291 1714.
535 1230 614 1286 8.*
679 1232 852 1279 Iterum
878 1246 1038 1279 eontra
1069 1234 1403 1288 HECQUETUM
1441 1237 1482 1281 ἃ
1505 1236 1867 1292 mmmm-mm,
1909 1241 1951 1286 &
1980 1252 2033 1286 ut
2067 1241 2117 1286 in
2140 1239 2284 1300 priori

224 1298 409 1349 libello,
444 1295 804 1342 contractionem
828 1298 1073 1343 ventriculi
1097 1295 1278 1343 infinite
1309 1314 1516 1357 parvam,
1554 1299 1822 1360 preffionem
1848 1319 1956 1349 vero
1989 1301 2102 1365 septi
2140 1315 2286 1351 trans-

222 1360 352 1414 verfi,
381 1358 744 1406 &musculorum
759 1360 1015 1406 abdominis
1036 1361 1263 1406 lateralem
1277 1360 1357 1407 effe
1370 1361 1516 1416 docet,
1534 1361 1642 1410 hinc
1657 1364 1863 1411 debilem.
1908 1368 2088 1413 Deinde
2103 1384 2184 1427 pro
2198 1366 2284 1415 fer-

225 1424 523 1472 mentatione.
592 1423 779 1470 Tritum
808 1440 906 1469 non
930 1436 1106 1470 mutare
1127 1435 1336 1470 naturam
1367 1425 1472 1472 cibi.
1551 1426 1929 1488 Antiquissimum
1955 1429 2038 1476 effe
2067 1429 2282 1491 systema:

223 1487 332 1536 sales
368 1489 418 1534 in
447 1485 584 1532 saliva
619 1485 723 1540 effe,
757 1488 896 1548 inque
924 1487 1041 1540 bile,
1082 1489 1124 1545 ὃς
1162 1487 1391 1548 obpositos
1429 1506 1506 1537 eos
1536 1488 1645 1539 sales
1678 1491 1866 1541 fervere.
1947 1492 2107 1540 Passim
2145 1495 2283 1542 etiam

224 1553 583 1599 Vmusseulum
610 1549 803 1605 refutat,
840 1553 882 1598 &
904 1548 1053 1612 ipsum
1079 1552 1215 1598 tritus
1239 1551 1561 1602 adversarium.
1656 1556 1852 1603 Carnem
1877 1558 2019 1621 magis
2040 1556 2282 1608 efficaciter

223 1628 413 1663 nutrire.

272 1708 279 1720 ⁵
350 1698 524 1759 EJ-USD.
574 1697 754 1759 Epzstolae
777 1696 921 1758 quibus
943 1697 1222 1760 respondetur
1245 1700 1450 1762 epssolicce
1476 1699 1759 1764 dzffirtationi
1784 1705 1993 1755 Tit-OMAE
2020 1707 2206 1755 BOERII
2237 1709 2280 1755 8<

225 1761 494 1810 GREGORII
518 1759 569 1806 de
599 1759 730 1819 caufis
747 1763 1015 1809 concoe‘t'ionis
1037 1763 1226 1809 ciborum
1250 1764 1484 1811 Toulouse
1507 1781 1644 1825 1715.
1671 1768 1779 1816 12.*
1843 1771 2027 1831 Repetit
2050 1770 2175 1818 suam
2209 1771 2284 1817 de-

227 1825 599 1871 monstrationem
622 1824 677 1871 de
709 1824 822 1871 fibra
846 1827 1078 1879 circulari,
1116 1842 1218 1887 quae
1243 1824 1298 1874 fit
1334 1831 1618 1890 polygonum
1647 1831 1940 1881 infinitorum
1971 1836 2163 1882 laterum
2185 1870 2196 1888 ‚
2232 1836 2284 1882 in

227 1889 357 1949 cujus
382 1886 554 1949 singula
582 1887 752 1936 chorda
788 1889 906 1936 vires
945 1889 1239 1937 distrahentes
1278 1891 1518 1940 destruunt
1539 1896 1657 1942 vires
1689 1897 1982 1945 incurvantes
2008 1899 2280 1947 ventriculi:

138 1986 152 1989 -
225 1952 616 2000 PiTcARNiANAs
645 1953 763 1999 vires
790 1954 1038 2000 enormiter
1069 1955 1266 2009 minuit,
1304 1958 1346 2002 ἃ
1370 1969 1460 2004 tres
1484 1961 1641 2006 uncias
1665 1958 1778 2008 solas
1804 1961 2021 2010 admittit.

352 2035 526 2095 EJUSD.
560 2037 632 2080 An
655 2033 817 2091 judicii
843 2040 1091 2082 exercitium
1108 2036 1147 2095 s
1176 2037 1359 2091 νεὲἶιιηι,
1383 2039 1422 2097 fi
1436 2039 1737 2102 depravatum,
1767 2060 1793 2089 a
1820 2043 1983 2090 cerebri
2006 2042 2281 2105 mechanifino

227 2095 286 2155 &J
302 2097 609 2160 depravatione
621 2097 856 2159 dependeat
882 2097 1063 2160 Monsp.
1084 2107 1219 2158 1718.
1240 2112 1309 2148 12.
1344 2102 1611 2151 Mechanice
1631 2106 1922 2153 reflexionem
1942 2109 2281 2169 interpretatur.

353 2181 428 2241 EJ.
456 2181 1058 2229 &AntoniiMALIVERGNE
1074 2181 1517 2233 duMANDOUMiER
1533 2185 1827 2246 defensatione
1841 2188 2024 2250 Monsp.
2049 2202 2183 2249 1720.
2201 2187 2282 2244 82⁹

153 2237 159 2244 ⁸
227 2243 549 2292 Mathematica
575 2242 735 2296 facies,
772 2241 847 2290 sed
879 2261 998 2291 verae
1032 2258 1184 2292 tamen
1218 2246 1507 2307 hypotheses.
1592 2252 1777 2297 Cerebri
1811 2253 2061 2300 medullam
2106 2259 2279 2314 (quam

229 2320 401 2368 partem
429 2322 563 2354 vocat
586 2306 852 2368 callosam),
892 2307 973 2354 effe
1004 2308 1278 2357 cellulosam.
1351 2314 1421 2360 Sic
1459 2330 1638 2361 nervos.
1705 2316 1889 2363 Nervus
1916 2329 1970 2364 ut
1996 2317 2276 2378 conpressus,

229 2382 284 2417 ut
312 2372 547 2431 elongatus
564 2405 577 2425 ,
613 2374 832 2425 arctetur,
869 2385 923 2419 ut
944 2375 1124 2420 utrovis
1153 2375 1291 2422 modo
1321 2375 1508 2438 spiritus
1536 2379 1592 2424 ad
1617 2378 1854 2426 cerebrum
1881 2384 2243 2441 repercutiantur
2259 2401 2273 2434 3

225 2432 417 2481 sensatio
463 2434 643 2483 demum
675 2452 733 2481 ex
769 2434 852 2483 hac
884 2435 1214 2497 repercuffione
1258 2441 1309 2486 in
1344 2441 1528 2488 cerebro
1562 2441 1657 2489 fiat.
1767 2444 2019 2504 Spirituum
2050 2445 2275 2492 refluxum

228 2496 329 2544 fieri
354 2514 430 2558 per
466 2499 662 2546 alternos
699 2498 957 2554 subsultus,
997 2503 1038 2547 ἃ
1072 2519 1094 2547 a
1124 2503 1370 2550 vibratoria
1400 2503 1705 2560 succuffione,
1743 2523 1887 2567 eoque
1915 2509 2275 2555 vehementiores

230 2560 326 2616 effe,
356 2579 448 2621 quo
463 2559 626 2608 fortior
641 2561 730 2609 fuit
741 2562 974 2610 succuffio.
1041 2563 1286 2613 Diffimiles
1302 2566 1574 2617 sensationes
1595 2569 1691 2625 effe,
1712 2572 1784 2617 vel
1807 2587 1831 2616 a
1851 2571 2026 2618 diverso
2042 2569 2279 2618 succuffio-

229 2628 300 2672 nis
327 2627 504 2678 robore,
530 2627 604 2671 vel
625 2643 649 2671 a
675 2626 856 2673 diverfis
882 2627 1034 2682 fibris,
1067 2646 1166 2688 quae
1188 2628 1396 2678 succuffae
1425 2631 1628 2682 fuerunt.
1700 2633 1975 2682 Sensationis
2000 2651 2182 2680 omnem
2215 2634 2281 2680 di-

230 2688 483 2735 verfitatem
513 2687 592 2735 effe
618 2690 780 2735 ultimo
805 2708 830 2736 a
854 2690 1140 2739 vehementia
1171 2691 1478 2744 succuffionis.
1563 2699 1739 2745 Fibram
1765 2699 1935 2745 cerebri
1965 2699 2143 2744 unicam
2179 2714 2278 2744 non

230 2751 435 2799 sufficere
468 2753 523 2798 ad
549 2752 743 2800 diversas
768 2752 1056 2802 sensationes.
1125 2758 1304 2804 Deinde
1329 2761 1455 2806 valde
1479 2763 1680 2821 gratuito
1703 2760 1785 2807 fibi
1814 2761 1964 2814 sumit,
2002 2759 2184 2821 spiritus
2219 2761 2276 2808 ad

229 2817 460 2863 cerebrum
492 2833 588 2862 non
607 2817 817 2871 refluere,
854 2816 927 2864 sed
950 2820 1096 2879 primo
1118 2821 1164 2866 in
1187 2819 1480 2870 substantiam
1509 2823 1696 2872 solidam
1723 2826 1914 2877 cerebri,
1950 2825 2021 2871 uti
2046 2828 2171 2871 nulla
2196 2823 2278 2871 fiat

230 2877 447 2943 sensatim
485 2893 581 2927 tum
611 2880 795 2928 demum
825 2898 900 2942 per
920 2883 1212 2930 reflexionem
1246 2886 1293 2931 in
1319 2886 1480 2934 fibram
1509 2890 1678 2935 cerebri
1704 2886 1973 2934 sentientem
2001 2887 2164 2935 fimiles
2183 2905 2279 2934 mo-

231 2943 379 2990 tiones
415 2956 629 2992 extremis
668 2948 819 2995 nervis
850 2946 1075 3008 impressas
1100 2948 1156 2995 ad
1190 2950 1365 2998 easdem
1391 2950 1528 3000 fibras
1557 2953 1843 3013 pertingere,
1888 2951 2087 3000 diversas
2126 2952 2180 2998 ad
2212 2951 2278 2996 di-

230 3005 391 3056 versas.
467 3074 470 3075 ⁷
2201 3047 2278 3105 ΕΙ.
