2531 3394
265 129 356 180 510
659 115 793 174 ΜΒ,
845 114 937 161 1x.
1004 68 1415 158 ANAToM‘Es
1464 103 1905 170 pem-serm.

391 231 507 294 Haec
521 245 710 292 inventa
724 242 804 290 fibi
822 244 891 291 M.
911 238 1213 290 BLAHCHET,
1241 236 1313 283 vir
1324 232 1600 282 ecclesiastici
1614 234 1803 294 ordinis,
1828 237 2095 292 vindicavit,
2111 239 2160 286 in
2176 249 2253 286 art
2269 256 2323 287 ou

256 315 474 375 principes
490 307 819 373 philosophiques
839 307 896 352 du
911 304 1039 352 chant
1072 301 1193 348 Paris
1211 306 1355 359 1756.
1389 311 1462 347 12.
1536 298 1777 351 Constitit,
1801 312 1856 347 ut
1882 302 1997 348 mihi
2016 301 2224 358 refertur,
2247 319 2323 364 pe-

267 391 404 422 cunia
431 386 666 422 numerata
694 375 977 420 BERARDUM
1006 384 1030 413 a
1057 367 1413 424 BLANCHEITO
1448 362 1629 410 veniam
1654 361 1799 410 emiffe
1826 364 1987 416 edendi
2013 369 2175 427 operis.

393 456 814 523 Medecinestatique
830 487 844 505 ,
874 467 925 496 ou
939 450 1100 509 science
1129 446 1181 513 de
1204 447 1247 493 la
1273 445 1586 507 transpiration
1619 446 1845 505 M-ontpel.
1872 458 2008 504 1755.
2033 458 2103 509 12.

269 601 327 649 Al
351 601 377 647 d
399 541 460 647 Jk
483 536 656 584 Conrad
682 538 858 584 LOEHE
910 528 1136 579 Gedanleen
1177 545 1266 575 von
1302 527 1379 574 der
1414 525 1670 588 Federkraft
1707 525 1779 573 des
1816 525 2108 587 menschlichen
2140 533 2327 592 K‘o'rpers

302 618 305 621 ’
332 612 349 648 t
382 618 433 647 or
477 615 495 646 Ι
504 613 611 659 755.
1427 612 1434 615 ·

398 683 505 729 Huc
530 679 695 727 referas
716 679 756 740 J.
780 678 964 725 GEDDE
982 677 1196 736 apiarium
1218 672 1520 735 Anglicanum,
1556 671 1689 733 cujus
1716 672 1909 733 primam
1931 671 2178 720 editionem
2197 673 2329 735 igno-

271 762 340 794 ro.
408 745 674 793 Germanice
703 742 872 802 prodiit
900 739 1018 800 Lips.
1048 750 1181 796 1755.
1216 744 1259 791 8.

411 827 530 875 Frid.
563 823 692 873 Wilh.
711 824 974 869 GUNTHER
1001 820 1054 866 de
1073 818 1308 876 contusione
1326 817 1642 865 articulationis
1657 835 1772 880 genu
1804 815 2051 864 Wolfenb.
2085 826 2222 877 1755.
2246 817 2329 878 42*

272 893 443 941 Nullus
472 890 629 940 dolor,
667 903 768 933 cum
803 888 1072 932 laceraretur
1096 883 1235 929 tendo
1265 881 1512 928 extensoris
1536 882 1685 935 tibiae,
1733 884 1774 928 &
1800 883 2095 943 ligamentum
2123 885 2328 944 patellae,

276 957 319 1003 δι
341 971 444 1003 cum
474 954 702 1000 raderetur
724 951 892 996 cavitas
917 950 1036 995 inter
1057 948 1268 1008 patellam
1292 948 1332 993 &
1358 947 1530 992 tibiam.

402 1033 666 1095 Pliyfiologiae
694 1032 891 1078 elementa
929 1028 1207 1077 Amsterdam
1238 1039 1319 1086 175
1330 1040 1369 1086 5.
1398 1034 1437 1080 8.
1510 1026 1680 1084 Quid?

395 1117 655 1164 WOUTER
681 1130 723 1161 v.
742 1115 825 1160 Lls
853 1109 1197 1172 ontleedkondige
1224 1109 1446 1168 onderwys
1479 1109 1649 1169 Bergen
1672 1126 1729 1169 op
1743 1109 1889 1155 Zoom
1909 1119 2103 1168 1755.4.
2133 1110 2330 1159 XWACH'.

400 1198 454 1245 In
487 1197 626 1258 ejusd.
645 1213 792 1258 genees
813 1213 861 1242 en
890 1192 1155 1253 heelkondige
1177 1190 1442 1251 oeffbningen.
1480 1189 1776 1250 Middelburg
1806 1196 1940 1247 1763.
1970 1187 2053 1247 4*
2097 1188 2211 1238 solet
2235 1209 2333 1252 par.

277 1264 395 1312 tium
421 1260 697 1308 adfectarum
722 1272 930 1306 anatome
956 1257 1085 1310 addi,
1116 1272 1214 1302 non
1245 1255 1417 1314 ubique
1447 1266 1667 1300 accurata.
1737 1254 2094 1314 Conjunc‘livam
2132 1256 2334 1303 tunicam

278 1327 401 1374 oculi
416 1324 496 1372 effe
522 1342 546 1372 a
563 1323 799 1386 periosteo.

406 1408 526 1454 Cum
548 1408 836 1454 BETBEDERI
868 1403 1032 1466 histoire
1068 1403 1120 1449 de
1150 1398 1487 1463 l’hydrocephale
1522 1399 1575 1445 de
1599 1399 1719 1460 Begle
1751 1399 2042 1446 *Bourdeaux
2077 1411 2212 1458 1757.
2256 1399 2334 1455 8.*

276 1472 448 1535 prodiit
482 1468 602 1533 Effizy
615 1469 697 1528 fiir
720 1471 762 1515 la
789 1481 946 1516 nature
974 1468 1044 1513 des
1072 1466 1220 1528 esprits
1245 1471 1465 1512 animaux.
1535 1465 1719 1524 Igneam
1746 1462 1826 1509 effe
1849 1462 1952 1524 ipsis
1980 1475 2204 1518 naturam,
2236 1482 2334 1512 eos-

278 1537 473 1595 demque
510 1533 805 1580 scintillarum
844 1532 987 1593 specie
1016 1531 1068 1577 de
1096 1531 1197 1591 pilis
1229 1530 1494 1576 animalium
1530 1527 1666 1581 elidi,
1708 1539 1787 1573 aut
1826 1528 1879 1572 de
1910 1526 2109 1574 hominis
2136 1527 2330 1576 indusio.

275 1601 333 1649 Se
363 1596 518 1647 vidiffe
543 1597 786 1644 medullam
814 1595 1048 1657 encephali
1073 1594 1122 1640 in
1151 1592 1364 1641 vesiculas
1389 1603 1634 1645 mutatam,
1671 1590 1892 1638 cellulosae
1921 1593 2018 1637 telae
2053 1590 2255 1639 fimilem.

409 1678 521 1742 Effizi
548 1679 600 1726 de
620 1677 903 1741 psjoehologie,
944 1694 996 1724 ou
1031 1676 1357 1734 confideratz'ons
1381 1675 1461 1734 fiir
1494 1675 1550 1720 les
1579 1678 1820 1734 operations
1847 1672 1896 1718 de
1918 1673 2040 1719 l’ame
2069 1671 2164 1728 &a
2214 1675 2334 1721 Lon-

280 1744 381 1792 dres
404 1757 537 1803 1755.
564 1747 638 1799 8.*
671 1746 848 1789 Auctor
867 1742 1018 1789 noluit
1043 1738 1340 1793 innotescere,
1376 1755 1510 1798 quem
1538 1736 1770 1797 suspiceris
1794 1738 1892 1783 ILL.
1919 1736 2000 1782 effe
2022 1737 2331 1786 BONNETUM.

282 1810 442 1857 Sedem
471 1808 633 1854 animae
666 1805 759 1853 fere
780 1806 836 1852 ad
864 1807 1068 1855 HO0K11
1100 1817 1297 1851 mentem
1324 1803 1549 1854 admittit,
1583 1802 1790 1848 collectas
1811 1817 1972 1860 nempe
2004 1798 2138 1847 fibras
2159 1818 2331 1856 omnes,

282 1889 361 1933 per
390 1889 499 1932 quas
529 1883 682 1918 motus
714 1871 764 1917 in
793 1886 980 1930 corpore
999 1869 1202 1914 humano
1229 1866 1600 1913 administrantur
1621 1899 1634 1918 ,
1667 1877 1744 1911 aut
1772 1863 1925 1911 sensus
1948 1864 2002 1909 ab
2031 1865 2228 1911 externis
2253 1866 2335 1912 ob-

282 1937 408 1997 jectis
430 1935 485 1981 ad
511 1936 706 1981 animam
733 1935 941 1980 veniunt.
1010 1932 1236 1979 Memoria
1257 1930 1316 1976 est
1343 1927 1496 1976 sensus
1511 1930 1671 1974 animae
1689 1932 1863 1974 auCtam
1888 1926 2187 1974 mobilitatem
2207 1927 2334 1977 fibrae

283 2000 598 2060 percipientis,
634 1999 764 2058 cujus
789 1998 932 2058 prima
963 1994 1092 2042 causa
1118 1997 1169 2042 in
1194 2007 1378 2041 externa
1403 1992 1462 2039 est
1483 1989 1782 2052 impreffione.
1854 1993 2070 2039 Adtentio
2096 1992 2238 2038 robur
2255 2010 2333 2039 au-

283 2074 361 2124 get
397 2060 690 2115 sensationis‚
737 2061 848 2108 dum
888 2060 1038 2106 anima
1067 2060 1116 2106 in
1140 2057 1277 2105 fibras
1313 2058 1424 2117 agit,
1469 2069 1612 2103 certas—
1646 2054 1920 2103 sensationes
1947 2054 2329 2116 repraesentantes.

287 2126 372 2175 Sed
402 2123 619 2185 profundi
643 2124 796 2172 sensus
826 2125 992 2172 librum
1020 2122 1196 2184 praestat
1226 2120 1386 2183 legiffe.

416 2208 647 2254 REMOND
672 2207 722 2252 de
748 2207 998 2253 VERMALE
1028 2205 1163 2266 lefons
1193 2203 1471 2251 d'Anatomie
1507 2199 1566 2257 ἓξ
1596 2201 1647 2247 de
1671 2198 1891 2260 Chirurgie
1909 2203 2114 2261 pratique
2129 2199 2268 2262 faites
2285 2217 2335 2248 en

272 2270 441 2334 fliveur
466 2271 536 2318 des
559 2268 819 2332 chirurgiens
848 2268 1085 2317 Manheim
1118 2280 1233 2327 1755
1243 2304 1252 2314 .
1290 2270 1332 2314 &
1357 2266 1624 2314 Germanice
1650 2265 1710 2311 ib.
1740 2275 1876 2322 1755.
1900 2276 1944 2322 4.

951 2404 988 2454 §-
1025 2396 1406 2447 MCXLVIII.
1515 2398 1648 2445 Varii.

423 2499 569 2547 Caroli
586 2498 756 2544 PERRY
777 2492 1036 2542 mechanical
1057 2505 1236 2542 account
1261 2492 1352 2540 and
1374 2492 1628 2554 explication
1659 2489 1713 2552 of
1726 2487 1947 2550 hysterical
1971 2488 2136 2550 paffion
2171 2489 2262 2536 and
2291 2489 2345 2550 of

289 2563 348 2611 all
371 2561 489 2610 other
517 2561 728 2621 disbrders
760 2576 806 2607 as
849 2575 923 2603 are
948 2560 1184 2619 peculiarly
1220 2558 1410 2605 incident
1438 2568 1482 2602 to
1519 2554 1586 2601 the
1599 2553 1677 2612 sex
1714 2553 1811 2609 &aa
1859 2554 2055 2600 London
2087 2564 2199 2611 1755
2258 2555 2335 2606 8.*

290 2625 447 2674 Crasin
478 2637 734 2685 corruptam
757 2622 998 2682 spirituum
1024 2622 1291 2667 animalium
1326 2617 1503 2667 accusat
1537 2620 1578 2665 ἃ
1605 2617 1888 2663 inordinata-s
1910 2614 2203 2675 explofiones.
2273 2617 2335 2662 Ea

289 2689 520 2738 occafione
546 2689 599 2734 de
622 2687 848 2748 spiritibus
872 2685 990 2745 agit,
1026 2701 1139 2744 quos
1169 2696 1299 2745 putat
1325 2684 1530 2732 medium
1555 2684 1675 2728 inter
1698 2698 1811 2742 pura
1838 2680 2021 2726 materie
2055 2679 2178 2725 entia
2210 2691 2334 2726 tene-

288 2769 338 2801 re
367 2767 578 2813 interque
609 2767 810 2811 corpora.

418 2835 562 2882 ELOY
592 2833 884 2880 Diffiommire
911 2827 1133 2891 hzstorique
1152 2826 1203 2872 de
1230 2827 1273 2873 la
1303 2827 1510 2874 medecine
1541 2827 1674 2886 Liege
1698 2835 1831 2882 1755.
1863 2829 1904 2877 8.
1933 2818 2124 2870 2.Vol.*
2152 2822 2337 2879 FREIN-

290 2911 384 2948 DIO
417 2900 452 2942 8<
479 2898 705 2944 CLER1CO
728 2893 848 2947 usus,
875 2895 924 2940 in
945 2890 1272 2939 recentioribus
1294 2889 1587 2950 scriptoribus
1614 2890 1744 2935 valde
1770 2902 1945 2947 parcus.
2013 2886 2219 2932 Nomina
2237 2902 2334 2932 cor-

287 2973 448 3034 rupta,
471 2962 702 3073 1librorum
724 2959 914 3021 alicujus
939 2955 1164 3021 scriptoris
1180 2955 1371 3016 catalogi
1396 2951 1662 3014 imperfecti,
1694 2950 1932 3012 scriptores
1949 2950 2146 3012 repetiti,
2178 2950 2333 3062 omssia

288 3037 414 3074 vitus
439 3041 467 3087 p
489 3040 586 3073 ena.
2226 3076 2230 3077 ⁷
2294 3028 2346 3062 e·—
