2531 3394
710 107 932 170 §.1262
1000 107 1304 159 Rozress.
1371 73 1737 159 onmem.
1916 83 1917 90 ’
2030 46 2095 83 '⁸
2164 108 2260 168 693²

332 242 466 288 Anno
489 248 623 296 1774.
655 238 801 285 Diarii
826 240 885 286 D.
906 240 1125 286 Roznzn.
1191 236 1498 295 symptomata
1523 251 1549 281 a
1572 235 1716 296 vespae
1743 238 1837 283 idru
1862 248 1966 298 nata
1985 271 1996 290 ,
2034 237 2252 299 ingentia.

206 300 372 354 ΒΛΙΟΝ
402 304 455 349 de
483 303 529 348 vi
558 304 762 350 eleetrica
791 302 1002 362 gymnoti
1027 297 1311 359 Guyanensis
1335 317 1347 350 3
1391 296 1519 357 piscis
1544 300 1702 345 leviter
1727 303 1869 346 tatflus
1899 317 2054 360 parum
2085 315 2253 355 nocet,

206 370 453 430 plurimum
480 365 510 412 si
539 365 729 413 firmiter
759 362 990 423 tenueris,
1025 365 1067 409 &
1095 379 1147 409 eo
1174 361 1502 414 vehementius,
1535 379 1626 422 quo
1650 363 1842 409 debilior
1870 362 1996 423 piscis
2022 364 2096 411 est.
2184 367 2260 413 In..

207 445 379 493 tegram
416 430 572 477 seriem
605 429 845 475 hominum
873 428 1093 474 concutit.
1124 470 1125 473 ,
1178 426 1401 485 Repetitis
1430 426 1613 472 idtubus
1643 427 1713 473 vis
1739 426 1945 473 animalis
1972 428 2255 476 exhauritur.

205 497 276 542 De
299 507 509 542 anatome
537 494 720 554 aliqua:
760 493 851 539 duo
879 493 1032 552 magni
1059 488 1282 543 musculi,
1320 489 1400 549 qui
1423 500 1575 536 tamen
1596 506 1692 536 non
1715 488 1807 537 sola
1830 490 1946 537 idrus
1971 490 2261 552 stupefacien-

206 559 264 606 tis
297 557 428 606 causa
457 556 559 604 sint.

333 640 467 688 IDEM
498 638 552 684 de
582 634 818 683 luminosis
838 636 888 682 in
911 652 1026 695 aqua
1058 634 1232 681 marina
1252 633 1557 695 corpusculis,
1595 633 1796 681 rotunda
1815 632 1897 681 effe
1915 668 1928 688 ‚
1961 633 2167 683 frictione
2191 639 2260 684 lu-

208 719 317 749 men
340 719 507 764 augeri.

338 784 521 834 COTTE
553 783 730 843 repetit,
767 795 920 830 tamen
953 792 1089 842 caput
1114 778 1308 826 cochleae
1341 796 1438 826 non
1461 779 1669 840 reparari.

343 866 642 912 CHEVALIER
664 864 717 910 cle
740 863 1048 923 ichthyocolla
1065 860 1249 908 ruffica:
1289 860 1600 921 Acipenserem
1614 862 1669 907 ad
1690 878 1784 907 eam
1798 861 2007 908 inutilem
2021 859 2116 908 esse.
2163 861 2266 908 Par-

211 943 285 979 tus
313 926 485 976 Parisiis
518 940 621 984 329.
650 929 798 988 pueris
825 939 990 973 mortes
1024 925 1256 985 superare,
1295 925 1354 971 ob
1389 941 1622 972 enormem
1650 941 1894 972 numerum
1927 924 2157 973 infantum
2189 941 2267 971 ex-

211 991 460 1055 positorum
478 1026 489 1044 ‚
527 993 606 1050 qui
637 1008 675 1037 a.
704 1003 835 1050 1772-
865 989 955 1036 fuit
973 996 1115 1048 7776.

339 1076 585 1121 BLONDEL
617 1073 671 1118 de
698 1071 848 1131 musca
877 1069 1139 1131 proboscide
1167 1067 1290 1129 quasi
1330 1069 1604 1116 ruminante.
1678 1071 1928 1118 WALSHII
1961 1071 2267 1136 experimenta

214 1138 268 1184 de
295 1137 556 1196 torpedine,
593 1148 691 1182 tum
723 1137 781 1181 D.
804 1137 1117 1181 SEIGNETTE.
1183 1134 1237 1178 In
1263 1131 1553 1179 COssCUsfione
1584 1144 1735 1180 motus
1763 1136 1982 1181 tremulus
2005 1133 2267 1181 manifestus

215 1201 290 1247 est.
361 1201 453 1248 Soli
480 1200 570 1246 duo
599 1197 791 1245 musculi
816 1195 1144 1257 stupefaciunt,
1184 1193 1314 1257 piscis
1346 1208 1471 1242 totus
1496 1196 1651 1244 insons
1684 1197 1758 1244 est.

341 1282 391 1328 A.
412 1293 545 1390 11775.
569 1278 654 1388 ogsa
672 1281 720 1326 in
747 1280 889 1326 lebete
911 1280 1161 1340 Papiniano
1187 1278 1356 1324 abeunt
1375 1279 1424 1324 in
1442 1279 1698 1339 gelatinam,
1729 1278 1803 1326 sed
1829 1280 1879 1327 in
1901 1279 2078 1340 vulgari
2100 1277 2271 1325 machi-

214 1361 274 1392 na
303 1361 398 1391 11011
447 1356 533 1390 unt
559 1361 580 1389 e
619 1346 721 1389 ulia.

343 1426 478 1471 Fetus
505 1423 776 1484 didelphidis
805 1424 855 1470 in
882 1423 1006 1471 facco
1024 1426 1239 1478 ventris,‘
1261 1441 1357 1471 non
1385 1424 1434 1470 in
1461 1423 1592 1470 utero
1625 1423 1813 1472 habitat.
1882 1424 2072 1485 Sanguis
2089 1423 2271 1486 nigritae

221 1487 407 1541 crassus,
445 1505 604 1549 parum
634 1487 809 1542 fuscus,
842 1489 998 1536 mistus
1029 1489 1090 1535 est
1114 1490 1348 1551 particulis
1373 1489 1514 1549 nigris
1535 1507 1545 1533 z
1582 1505 1679 1534 non
1700 1501 1852 1534 tamen
1876 1489 2005 1549 niger
2030 1488 2106 1534 est.

349 1570 564 1616 Eleo-sica
590 1570 659 1616 Vis
685 1570 870 1616 excitari
896 1571 1039 1631 potest
1055 1571 1105 1617 in
1123 1571 1358 1617 nonnullis
1386 1570 1590 1631 partibus
1615 1571 1905 1624 animalium,
1931 1571 2027 1616 aliae
2053 1585 2149 1616 eam
2174 1569 2271 1617 vim

217 1631 513 1680 transferunt.
585 1632 718 1679 Conf.
747 1640 883 1692 1776.

347 1712 621 1774 Vespertilio
651 1715 794 1775 major
811 1750 822 1768 ‚
857 1717 935 1775 qui
957 1728 1137 1762 uterum
1156 1714 1322 1777 absque
1342 1716 1574 1763 cornubus
1593 1714 1755 1762 habeat
1776 1750 1787 1768 ‚
1826 1715 2035 1762 muliebri
2070 1714 2271 1763 similem.

350 1797 508 1842 Ovum
532 1795 785 1850 humanum
813 1814 916 1843 cum
947 1799 1187 1844 involucro
1207 1833 1218 1851 ‚
1260 1797 1356 1845 fetu
1395 1799 1450 1844 ad
1475 1805 1518 1844 6.
1543 1799 1682 1844 lineas
1715 1799 1853 1858 longo
1872 1831 1887 1850 ,
1924 1797 2053 1857 cujus
2087 1813 2164 1842 cor
2197 1796 2276 1842 ali-

223 1860 403 1921 quoties
437 1858 646 1920 pulsavit.
716 1861 972 1907 Umbilicus
1000 1863 1115 1908 latus
1139 1863 1180 1908 ἃ
1202 1862 1367 1908 brevis.

357 1941 664 2002 Cyprinorum
687 1944 878 1988 varietas
907 1943 1022 1988 circa
1046 1944 1324 2003 Lugdunum
1345 1941 1682 2002 frequentium,
1723 1958 1822 2002 quae
1844 1940 1898 1988 fit
1925 1940 2131 1988 masculis
2157 1941 2280 1988 laeci-

222 2005 308 2052 bus
333 2005 570 2058 destitutis,
599 2006 760 2064 optimi
782 2004 950 2066 saporis
975 2008 1016 2052 Sc
1037 2007 1223 2052 maximi
1249 2006 1396 2066 pretii.

358 2089 410 2131 A.
437 2092 572 2143 1776.
601 2087 701 2147 Jan.
731 2087 1025 2134 CHANGEUX
1046 2086 1380 2134 exhalationem
1406 2084 1513 2139 effe,
1550 2102 1651 2145 quae
1678 2084 1935 2133 iii-homine
1967 2087 2126 2134 caloris
2146 2085 2280 2132 faciat

227 2150 512 2196 tolerantiam
530 2184 541 2202 ‚
580 2167 681 2196 cum
707 2152 900 2196 calorem
930 2152 1122 2198 minuat.

362 2232 619 2278 GlLlssERT
655 2230 872 2278 Anarchie
908 2232 1155 2279 medicinale
1187 2231 1413 2290 confidere'e
1451 2248 1603 2278 comme
1630 2231 1802 2289 nuisz'ble
1837 2223 1936 2287 tila
1952 2235 2109 2292 sbciete'
2147 2232 2280 2290 Lyon

237 2306 370 2353 1772.
400 2307 469 2341 12.
500 2294 688 2349 3.Vol.*
758 2298 876 2351 Quae
912 2294 1120 2342 futurum
1161 2298 1384 2342 medicum
1414 2296 1568 2341 deceat
1593 2295 1829 2342 addiscere.
1914 2299 2169 2342 Anatomen
2204 2310 2281 2339 ne-

235 2375 321 2418 que
356 2359 410 2403 ab
432 2359 768 2405 HIPPOCRATE
795 2358 984 2418 spretam
1008 2358 1160 2413 fuisse,
1199 2376 1346 2420 neque
1369 2376 1393 2405 a
1411 2361 1753 2411 SYDENHAMO‚
1785 2375 1931 2419 neque
1955 2358 2280 2419 physiologiam

236 2433 504 2468 accuratam.
574 2423 641 2467 Ad
661 2422 889 2469 historiam
908 2423 1124 2469 medicam
1143 2425 1308 2482 aliqua.
1367 2423 1633 2481 Franciscum
1659 2423 1710 2467 de
1723 2424 1977 2469 SAUVAGES
2010 2437 2173 2480 paucos
2206 2420 2282 2465 ha-

234 2484 373 2532 buisse
399 2486 669 2544 imperantes
694 2502 851 2546 aegros.
895 2489 954 2533 Ut
981 2488 1104 2546 plebs
1131 2490 1333 2533 tumultu
1360 2486 1556 2532 excitato
1577 2485 1803 2532 theatrum
1824 2486 2129 2532 anatomicum
2162 2486 2281 2543 Lug-

236 2546 435 2596 duncnse
466 2564 503 2593 a.
526 2557 660 2605 1767.
693 2549 975 2596 destruxerit.
1044 2552 1113 2597 De
1143 2551 1380 2596 nonnullis
1411 2551 1678 2595 anatomicis
1709 2551 1892 2610 judicia.

372 2630 501 2675 Dela
527 2629 794 2676 CHAPELLE
822 2631 859 2676 le
877 2633 1170 2692 -υεηῐνίίοφιε,
1210 2649 1262 2678 ou
1290 2629 1652 2692 l’engastromythe
1687 2632 1807 2677 Paris
1833 2642 1965 2688 1772.
1997 2642 2070 2682 12⁴
2092 2628 2284 2676 2.V01.*

237 2695 389 2741 Placet
406 2707 557 2739 tamen
586 2706 790 2738 accurate
819 2693 893 2740 hic
914 2694 1159 2755 perspicere
1176 2730 1187 2748 ‚
1225 2695 1334 2754 quid
1357 2696 1407 2740 in
1429 2697 1825 2754 ventriloquorum
1856 2694 2098 2740 historiolis
2124 2711 2283 2740 verum

239 2756 319 2810 fit,
357 2755 633 2817 potissimum
656 2773 934 2816 nuperorum
965 2761 1007 2805 &
1031 2761 1205 2805 auclori
1235 2772 1466 2804 notorum.
1537 2759 1600 2803 Ut
1627 2759 1868 2816 imponant
1897 2758 2281 2816 colloquentibus,

243 2824 322 2879 qui
352 2836 511 2867 vocem
534 2821 711 2866 eminus
743 2836 768 2865 a
794 2820 963 2867 dextris
997 2839 1078 2868 ave
1119 2821 1301 2868 sinistris
1333 2838 1412 2882 pro
1443 2821 1628 2866 arbitrio
1652 2822 1929 2880 ventriloqui
1959 2821 2169 2866 advenire
2202 2819 2285 2867 fibi

245 2883 554 2943 persuadeant.
592 2884 812 2930 Roburin
827 2883 1041 2931 musculis
1054 2883 1253 2931 faucium
1274 2884 1370 2931 haec
1392 2901 1460 2930 ars
1476 2884 1679 2942 requirit,
1695 2900 1784 2943 quo
1801 2883 2193 2944 engastromythus
2215 2901 2285 2930 eas

248 2947 429 2992 claudat
454 2950 496 2994 &
529 2954 689 2995 voce-m
715 2948 838 3002 edat,
872 2955 973 2996 aere
1006 2946 1230 2996 reservato
1260 2950 1314 2996 in
1344 2947 1574 3008 posteriori
1605 2960 1727 3008 parte
1764 2948 1870 2997 oris.
1967 2949 2118 2997 Multa
2143 2948 2286 2994 aliena

248 3008 446 3057 admista.
1193 3071 1196 3073 v
1300 3014 1328 3060 S
1357 3029 1375 3058 s
1405 3028 1422 3058 s
1449 3026 1467 3056 s
1504 3021 1527 3064 3
2132 3013 2286 3060 Saum
