2531 3394
845 93 890 153 §-
933 109 1065 156 1039.
1107 109 1244 158 1040.
1311 95 1358 145 V
1386 97 1431 144 ffA
1466 96 1509 144 R
1538 96 1560 144 I
1592 97 1629 144 I.
1675 152 1677 157 y
2162 117 2252 167 357,

294 248 298 250 .
336 192 398 240 N.
418 202 529 252 471.
567 191 897 241 Celeberrimus
919 193 1264 242 mathematicus
1286 168 1597 241 MACLVAUMN
1625 192 1677 239 de
1701 193 1875 243 basibus
1895 199 2172 256 cellularum,
2201 205 2253 251 in

209 255 375 318 quibus
399 264 502 316 apes
527 257 616 302 mel
641 254 773 304 suum
803 258 1069 318 deponunt,
1103 258 1247 317 deque
1266 255 1535 317 parsimonia
1560 256 1881 304 accuratissima
1900 263 1995 320 ejus
2015 263 2188 325 figurae,

341 338 598 385 GRIFFITH
621 338 838 391 HUGHES
864 338 919 386 de
943 337 1052 385 flore
1076 337 1262 384 animali
1287 339 1478 400 (polypi
1497 337 1641 385 adfini
1664 355 1719 384 ex
1740 354 1834 385 uno
1855 339 2147 393 infundibulo
2169 366 2254 396 nu-

205 399 408 449 merosos
433 400 582 448 radios
608 403 949 463 expandente).

282 531 284 533 ,
335 483 472 530 IDEM
512 482 637 530 hunc
672 482 803 530 suum
841 482 1080 534 animalem
1111 481 1267 528 florem
1291 482 1451 543 repetit
1479 482 1528 529 in
1563 484 1747 531 natural
1771 482 1922 546 history
1957 486 2010 548 of
2034 490 2252 540 Barbam

206 547 406 595 London
429 559 562 606 1750.
594 545 711 594 fol.*
777 546 941 605 Aliqua
973 546 1028 591 ad
1067 544 1309 593 hominum
1352 549 1393 593 &
1425 547 1691 594 animalium
1727 551 1980 596 naturalem
2010 550 2252 602 historiam.

126 655 130 661 .
205 611 423 659 Hirundo
452 612 629 671 aliquot
653 607 824 656 menses
850 610 901 656 in
927 607 1165 657 recessibus
1193 611 1378 671 rupium
1407 609 1636 672 transigit,
1674 610 1750 659 etsi
1768 611 1912 660 hiems
1939 612 2014 661 hic
2034 618 2155 663 nulla
2175 619 2249 665 est.

333 693 390 739 In
414 696 547 738 Me‘m.
577 691 628 737 de
650 690 821 737 l‘Acad.
848 689 919 736 des
941 694 1095 738 Sciens.
1127 703 1262 750 1743.
1298 694 1512 738 Antonius
1535 693 1582 739 N
1587 706 1754 741 OLLET
1771 697 1954 753 quaerit,
1988 712 2100 743 num
2117 697 2255 760 pisces

207 755 369 816 auditu
396 755 648 817 gaudeant,
686 765 912 814 negatque
937 756 1143 815 gaudere.
1207 756 1539 816 Experimentis
1563 755 1754 817 physicis
1777 756 1820 804 se
1846 757 2042 807 dederat.

340 837 394 883 In
417 837 554 898 lefons
579 834 629 880 de
658 833 859 896 Phyfique
881 837 1208 898 experimentali?
1239 836 1297 882 T.
1319 837 1400 883 111.
1436 837 1558 884 Paris
1713 873 1724 884 .
1824 840 1963 887 Amst.
1995 847 2126 900 1746.
2151 846 2256 891 12*

208 903 450 961 Organum
478 899 658 945 auditus
689 897 959 946 describitur
984 902 1026 946 ὃς
1056 900 1343 961 depingitur,
1394 898 1486 946 fere
1519 901 1575 947 ad
1608 901 1646 948 le
1676 902 1830 950 CATn
1868 917 2088 959 mentem,
2127 909 2256 969 cujus

206 961 479 1024 hypotheses
507 963 658 1008 noster
684 963 855 1022 ubique
885 961 1101 1023 sequitur.
1173 965 1245 1011 Sic
1274 964 1588 1012 FERRENJUM
1622 964 1675 1012 de
1695 983 1821 1014 voce.
1890 970 2146 1017 Anatomen
2180 974 2257 1018 ali-

206 1043 344 1088 quam
375 1027 451 1073 dat
479 1028 639 1087 organi
668 1026 869 1073 auditus.

312 1104 388 1155 'In
412 1109 468 1155 T.
488 1108 545 1153 V.
581 1107 702 1154 Paris
726 1119 862 1165 1755.
891 1106 998 1155 12.*
1067 1109 1245 1156 Oculus
1274 1108 1441 1156 dicitur
1467 1111 1508 1157 ἃ
1532 1108 1668 1158 visus.
1728 1112 1840 1159 Non
1867 1113 1921 1159 ab
1944 1116 2256 1175 experimento

205 1189 291 1220 nos
323 1171 488 1219 discere
527 1173 671 1217 eremita
696 1171 863 1217 videre.
932 1173 1001 1218 De
1031 1172 1324 1220 aestimatione
1365 1175 1727 1235 magnitudinis,
1770 1176 2007 1226 distantiae.
2074 1180 2145 1226 De
2177 1183 2259 1229 cir-

207 1238 336 1285 cuitu
361 1235 596 1296 sanguinis
617 1251 701 1296 ope
730 1233 1016 1296 microscopii
1042 1235 1195 1284 solaris
1222 1236 1318 1284 viso
1351 1239 1512 1298 (quod
1538 1239 1671 1285 nimii
1696 1238 1869 1296 facit).

335 1319 392 1365 In
413 1318 521 1378 Hist.
547 1316 599 1364 de
622 1316 794 1365 l’Acad.
820 1328 955 1375 1743.
989 1334 1038 1365 os
1067 1335 1311 1381 magnum,
1353 1331 1406 1366 ut
1436 1332 1626 1381 putant,
1664 1320 1890 1382 elephanti
1917 1323 1967 1370 in
1996 1325 2258 1386 Burgundia

202 1393 448 1444 repertum.
2074 1402 2078 1404 -

330 1465 506 1526 1nHist.
523 1462 574 1511 de
595 1463 921 1523 l'Acad.1754.
958 1463 1011 1510 dc
1043 1462 1273 1526 elephanti
1300 1464 1484 1512 historia
1510 1465 1709 1513 naturali
1726 1467 1891 1527 aliqua.

332 1546 403 1593 Cl.
430 1544 748 1608 GRANDJEAN
777 1545 827 1592 de
840 1547 1077 1600 FoucHY,
1117 1547 1372 1594 Academiae
1398 1565 1423 1594 a
1443 1546 1638 1602 seeretiS,
1674 1547 1869 1596 ostendit
1887 1551 2068 1599 calculis
2085 1550 2255 1613 positis,

204 1626 340 1672 quam
368 1627 484 1672 aegre
505 1608 709 1672 possibile
733 1608 811 1663 fit,
848 1610 1102 1657 monstrum
1125 1622 1199 1670 24.
1228 1612 1477 1673 digitorum
1497 1610 1634 1659 nasci.

330 1693 591 1740 Bonus-ET
621 1699 769 1739 aerem
795 1708 912 1752 aqua
937 1691 1118 1739 mistum
1141 1709 1219 1755 per
1236 1692 1448 1741 vesiculas
1467 1695 1700 1755 pulmonis
1725 1695 1773 1741 in
1794 1692 2061 1756 sanguinem
2089 1701 2257 1746 venire.

343 1772 513 1822 Claudii
538 1775 760 1827 PERSON,
798 1774 984 1826 medici,
1020 1791 1096 1820 cor
1121 1775 1170 1821 in
1197 1776 1507 1822 contractione
1528 1776 1711 1822 brevius
1736 1776 1876 1824 reddi.

333 1855 505 1917 EJUSD.
531 1853 660 1915 Disp.
691 1859 736 1902 E.
749 1854 932 1913 vesiculae
939 1854 1068 1916 felleae
1076 1869 1160 1918 per
1175 1856 1345 1903 dafium
1357 1857 1652 1917 cysticumbilis
1665 1862 1854 1904 mittitur
1874 1859 2006 1906 Paris.
2029 1872 2162 1921 1744.
2179 1862 2258 1920 4.*

205 1916 340 1979 Resp.
367 1922 474 1965 Ant.
500 1919 676 1966 PE'11T.
745 1920 909 1965 Nullas
937 1919 1033 1965 dari
1060 1921 1296 1979 glandulas
1322 1923 1369 1967 in
1393 1920 1584 1968 vesicula
1610 1919 1764 1974 fellea,
1801 1921 1884 1969 nisi
1908 1923 2127 1980 mucosas,
2160 1930 2262 1974 nul-

206 1985 276 2031 los
303 1982 468 2030 duc‘tus
490 1981 641 2042 hepati
666 1981 869 2043 cysticos.
938 1983 1022 2030 Pro
1050 1984 1295 2033 FALLomi
1318 1983 1556 2032 sententia.

289 2098 292 2099 γ
341 2065 417 2126 EJ.
469 2069 718 2111 Nouveaux
744 2064 913 2110 e'le'mens
943 2063 1202 2112 d'anatomie
1231 2067 1445 2124 razsonne'e
1478 2067 1602 2113 Paris
1626 2079 1760 2126 1749.
1791 2065 1870 2121 8.*
1902 2085 1985 2128 pro
2015 2071 2260 2119 tironibus.

205 2116 411 2177 Multuni
436 2129 582 2175 utitur
605 2128 967 2188 praelectionibus
992 2129 1416 2178 BOERHAAVIAMS
1450 2132 1492 2178 St
1520 2132 1859 2181 XWINSLOWO.
1929 2135 1998 2181 De
2021 2133 2190 2183 ossibus
2219 2139 2261 2184 <Sc

208 2193 421 2240 dentibus
448 2190 551 2239 satis
577 2191 708 2238 bene.
776 2192 935 2240 Iconcs
961 2193 1230 2253 compilatae.

338 2275 606 2321 MASTIANI
635 2273 818 2320 auditus
839 2289 1008 2333 organa
1030 2273 1156 2334 ligno
1184 2272 1378 2335 exprefl'a
1405 2274 1664 2323 laudantur.

339 2355 579 2408 CRUGER,
617 2353 872 2416 Chirurgus
903 2355 1144 2415 primarius
1171 2355 1375 2403 Danicus
1392 2390 1404 2409 ,
1439 2355 1652 2405 describit
1675 2370 1861 2407 uterum
1888 2360 2128 2422 duplicem.

337 2440 396 2483 Le
418 2436 610 2489 RICHE,
651 2435 906 2496 Chirurgus
934 2435 1348 2497 Argentoratensis‚
1385 2439 1478 2499 agit
1505 2439 1558 2485 de
1581 2441 1706 2499 pilis,
1743 2439 1940 2496 offibus,
1978 2443 2187 2489 dentibus
2213 2445 2262 2489 in

209 2500 365 2549 ovatio
389 2502 600 2561 repertis,
643 2500 757 2546 miro
782 2512 900 2546 certe
929 2500 1235 2560 phaenomeno
1259 2503 1299 2548 ἅ
1323 2517 1438 2562 aegre
1468 2504 1744 2564 explicabili,
1777 2517 1926 2567 neque
1951 2521 2101 2553 tamen
2123 2523 2237 2553 raro.

339 2583 549 2629 GARCIN
585 2582 626 2627 81,
657 2578 896 2629 BRISSEAU
938 2581 992 2628 de
1016 2580 1149 2629 sensu
1172 2583 1319 2630 deleto
1344 2600 1448 2630 cum
1469 2582 1702 2646 superstite
1722 2599 1868 2635 motu.

290 2723 297 2727 .
330 2664 433 2710 Hoc
469 2679 591 2709 anno
622 2663 817 2722 primum
846 2664 1065 2710 volumen
1094 2665 1264 2724 prodiit
1291 2665 1362 2712 des
1384 2669 1614 2714 Me'mvires
1635 2666 1686 2714 de
1708 2668 1879 2715 l’Acad.
1908 2667 2069 2727 Royale
2091 2667 2142 2714 de
2171 2667 2265 2716 Chi.

210 2731 360 2788 rurgie
392 2727 515 2774 Paris
539 2738 670 2785 1743.
694 2729 771 2785 42*
809 2739 944 2786 1743.
967 2738 1038 2774 12.
1067 2728 1258 2782 3.Vol.*
1323 2730 1507 2776 Novam
1536 2732 1818 2778 Academiam
1846 2732 1945 2778 Rex
1971 2731 2262 2786 condiderat,

212 2790 343 2849 cujus
364 2807 434 2836 me
459 2791 595 2838 etiam
618 2789 874 2837 membrum
900 2788 982 2837 esse
1005 2794 1286 2845 voluerunt3
1323 2792 1485 2854 scopus
1525 2794 1734 2842 laborum
1769 2795 1928 2854 utique
1964 2811 2012 2841 ea
2040 2795 2266 2843 medicina

214 2851 302 2906 est,
338 2870 438 2914 quae
461 2871 599 2902 manu
627 2853 863 2901 medetur:
913 2852 1069 2915 passini
1097 2856 1249 2903 tamen
1278 2872 1431 2904 rerum
1459 2860 1702 2920 congenita
1729 2858 1911 2906 vincula
1941 2856 2177 2915 fecerunt,
2213 2871 2266 2908 ut

215 2914 364 2983 aliqua
393 2919 645 2968 anatomica
674 2919 724 2967 in
749 2917 828 2967 has
862 2916 1186 2969 dissertationes
1215 2922 1538 2981 reciperentur.

1297 3001 1344 3050 Y
1361 3020 1391 3063 y
1429 3014 1452 3059 3
2169 3004 2266 3052 Ale.
