2531 3394
314 142 411 190 414
721 130 856 176 113.
897 131 988 175 IX.
1056 123 1475 173 ANATOMES
1524 123 1970 174 PERFECTIO.

321 245 459 293 ditur.
503 243 730 292 Mensurae
744 245 900 306 pelvis.
945 242 1188 290 Labiorum
1204 242 1244 288 &
1257 240 1502 288 clitoridis
1491 257 1540 287 111
1552 252 1685 312 partu
1705 239 1813 287 usus
1825 241 1900 288 est.
1934 243 2003 289 Ex
2020 242 2276 289 3911111311113
2291 239 2375 302 hy·-

319 325 497 356 menem
514 312 741 369 componi.
767 307 1022 356 Mensurae.
1053 307 1246 364 angulus
1266 304 1454 352 obtusus
1469 317 1650 351 uterum
1663 304 1782 351 111131
1799 306 1841 352 81
1856 306 2064 367 vaginam
2078 307 2389 366 interceptus,

317 374 529 421 Placenta
553 373 722 434 ubique
747 372 972 419 adhaerere
999 369 1157 430 potest.
1227 368 1388 416 Chorii
1417 370 1583 416 lamina
1611 372 1865 441 placentam
1878 368 2130 423 obducit,
2129 388 2218 431 qua
2241 383 2374 416 utero

320 436 592 484 obvertitur.
661 441 836 509 Aquam
861 435 1001 482 amnii
1026 433 1082 478 ab
1105 445 1292 493 argento
1311 434 1419 480 vivo
1446 434 1757 494 impraegnari,
1783 450 1871 492 qua
1896 444 2040 479 mater
2062 432 2140 480 usa
2163 434 2237 480 est
2298 435 2371 479 De

321 518 411 548 ovo
434 500 668 548 humano:
713 501 848 547 nimis
877 513 1095 559 praecoces
1129 495 1236 543 facit
1265 497 1475 557 epochas.
1544 498 1735 544 Amnios
1763 498 1954 556 geminis
1990 494 2161 556 semper
2184 499 2372 557 duplex.

321 566 454 612 Cutis
481 566 746 611 alimentum
771 564 965 610 imbibit.
1036 561 1172 621 Signa
1202 561 1484 621 graviditatis
1506 562 1692 608 incerta.
1762 561 1947 607 Partum
1973 558 2077 606 solis
2099 560 2227 607 fibris
2252 561 2375 608 uteri

314 629 507 682 tribuit,
549 629 812 688 viribusque
841 623 1056 686 oppositis
1091 623 1227 671 fundi
1261 627 1302 670 &
1326 625 1527 672 cervicis.
1594 625 1784 672 Tabulae
1815 641 1976 677 aeneae,
2023 641 2123 684 quae
2152 625 2271 670 uteri
2297 639 2376 685 per

321 693 636 753 graviditatem
666 691 941 738 mutationes
970 689 1257 748 exprimunt,
1293 700 1392 735 tum
1421 691 1676 743 naturales,
1714 701 1814 736 tum
1837 706 1894 736 ex
1921 689 2040 735 malo
2070 690 2285 749 placentae
2306 689 2373 736 lo-

323 773 376 803 co
399 769 544 804 natas.
611 754 837 803 Mensurae
865 766 1083 800 accuratae
1113 753 1231 799 uteri
1258 752 1448 814 gravidi.

451 857 506 902 In
536 855 779 916 appendice
813 853 866 899 de
904 855 1109 914 placenta
1137 869 1242 899 vere
1269 852 1324 898 ad
1364 869 1414 898 os
1449 852 1569 898 uteri
1602 852 1797 899 adnata.
1849 851 1902 898 de
1929 849 2209 898 dissolvendo
2234 853 2373 905 19313,

324 918 463 972 ease0‚
492 920 743 966 &coriacea
763 916 994 978 sanguinis
1020 917 1179 969 crusta,
1206 933 1283 977 per
1311 917 1462 962 oleum
1484 918 1643 963 tartari
1669 915 2013 975 deliquescendo
2030 929 2205 962 natum.
2246 917 2379 962 Men-

322 975 435 1030 surae
466 982 643 1029 fetuum
667 983 800 1028 variae
826 983 970 1029 aetatis
1003 998 1106 1027 cum
1141 981 1436 1027 incrementis
1462 981 1598 1028 nimis
1621 981 1915 1041 praecocibus.
1984 980 2200 1027 Secundae
2232 982 2273 1027 &
2307 977 2379 1026 fu-

322 1049 505 1094 niculus
536 1047 688 1104 nervis
723 1048 764 1093 &
800 1044 928 1092 sensu
962 1045 1286 1092 destituuntur.

452 1147 527 1208 EJ.
564 1145 684 1192 Abus
716 1144 785 1191 des
809 1145 942 1206 regles
963 1145 1182 1206 generales
1210 1142 1269 1200 ἓξ
1285 1156 1430 1191 contre
1453 1144 1510 1190 les
1528 1144 1728 1205 prejuge'5
1745 1149 1819 1205 qui
1838 1162 1857 1190 s
1860 1144 2069 1206 'oppoft’nt
2097 1161 2187 1190 aux
2198 1156 2258 1206 p7
2261 1143 2378 1205 ogre's

323 1209 375 1257 de
397 1211 504 1257 l’art
528 1210 597 1256 des
616 1207 926 1257 accouchemens
958 1210 1080 1256 Paris
1101 1215 1237 1266 1766.
1259 1215 1301 1262 8
1307 1207 1338 1237 *
1402 1209 1542 1254 Varia
1562 1209 1703 1254 mista.
1774 1207 1980 1261 Praefert,
2014 1210 2055 1255 &
2078 1211 2210 1262 redte,
2246 1206 2379 1268 septi·

321 1274 473 1321 mestri
508 1271 623 1321 fetui
662 1273 974 1320 octimestrem.
1041 1275 1111 1319 De
1135 1270 1486 1333 superfetatione
1517 1274 1718 1332 ampliat.
1783 1273 1869 1318 Pro
1904 1271 2022 1319 fetus
2060 1286 2163 1319 ante
2192 1284 2380 1333 partum
2457 1306 2463 1309 .

322 1339 695 1399 praecipitatione.
764 1338 835 1383 De
867 1335 997 1383 freno
1037 1338 1231 1397 linguae,
1281 1336 1535 1383 dentitione
1569 1337 1652 1383 &c.
1735 1337 1869 1383 Fetus
1909 1335 1952 1383 se
1983 1335 2132 1399 ipsum
2163 1337 2212 1383 in
2248 1346 2380 1397 partu

323 1402 523 1463 adjuvat.
594 1402 856 1462 Conceptus
883 1417 980 1447 non
1001 1401 1204 1447 obstante
1225 1398 1358 1462 peffo.

451 1502 506 1548 In
537 1501 731 1556 Journal
761 1501 812 1548 de
841 1501 1063 1549 Medecine
1087 1502 1138 1548 T.
1163 1513 1237 1560 37.
1320 1502 1391 1548 De
1431 1501 1581 1562 pueris
1618 1501 1729 1547 lacte
1760 1499 1945 1547 alendis.
2015 1501 2083 1549 Ut
2110 1516 2222 1560 puer
2249 1497 2380 1559 sugat

324 1568 491 1615 alterne
515 1566 682 1612 inflatis
710 1568 750 1612 &
775 1565 1029 1627 compreffis
1053 1566 1224 1612 buccis.
1291 1566 1487 1612 Frenum
1511 1566 1678 1626 linguae
1697 1564 1943 1624 aliquando
1969 1568 2159 1611 omnino
2182 1562 2380 1610 sectione

324 1647 465 1692 egere.
534 1631 604 1676 De
634 1630 818 1691 ligando
847 1629 1068 1676 funicuIO.
1137 1630 1258 1675 Raro
1283 1629 1413 1677 testes
1444 1630 1575 1691 pueri
1603 1645 1749 1690 nuper
1782 1629 1880 1675 nati
1909 1629 1959 1675 in
1981 1627 2129 1677 scroto
2157 1627 2377 1689 repeririz

323 1695 444 1743 utin
470 1692 659 1743 transitu
683 1711 824 1741 manu
848 1693 1048 1756 chirurgi
1069 1694 1381 1755 expediantur.

763 1831 800 1881 §.
837 1824 1230 1873 MLXXXIV.
1327 1827 1535 1872 Antonius
1564 1826 1842 1873 BENEVOLI.
1910 1825 2018 1872 Alii.

448 1942 772 1995 BENEVOLUs‚
810 1939 1064 2001 Chirurgus
1093 1939 1402 1987 Florentinus.
1487 1940 1542 1985 In
1571 1940 1668 2000 ejus
1696 1939 1991 2001 quadraginta
2016 1936 2382 1997 observationibus

327 2006 476 2065 aliqua
502 2006 592 2052 11113
616 2007 866 2066 pertinent,
905 2021 1005 2064 qua:
1024 2005 1293 2065 prodierunt
1319 2021 1422 2050 cum
1451 2002 1757 2065 Dissertazioni
1773 2004 1908 2066 sopra
1929 2005 2121 2063 l'origine
2143 2002 2380 2048 del⁷Ernia

328 2071 556 2130 intestinale
585 2069 679 2126 &a
715 2071 913 2116 florent.
940 2081 1073 2127 1747.
1102 2068 1184 2127 4*
1251 2066 1431 2115 Menses
1458 2085 1561 2115 vere
1591 2069 1641 2115 111
1665 2080 1796 2114 111310
1830 2066 1925 2115 vifi.
1993 2069 2128 2114 Fetus
2155 2066 2379 2112 tubarius.

327 2134 489 2181 Ulcera
515 2151 590 2193 per
612 2135 792 2180 urinam
819 2133 971 2180 critice
996 2131 1142 2179 soluta.
1169 2134 1250 2183 8(3.

457 2218 503 2269 J.
533 2213 737 2275 Christian
752 2217 972 2262 THEMEL
997 2212 1280 2262 Hehmnmen-
1297 2214 1450 2274 Kunst,
1485 2213 1587 2260 oder
1601 2212 1860 2275 griindliche
1878 2211 2158 2273 Anwezstmg,
2186 2215 2267 2257 wie
2291 2215 2383 2258 eine

328 2278 560 2327 Hebamrne
578 2280 832 2340 verniinfiig
859 2276 1089 2339 verfahren
1105 2278 1186 2337 soll
1216 2278 1400 2337 Leipzig
1423 2290 1557 2336 1747.
1585 2281 1660 2330 8.*
1725 2280 1907 2324 Ρ91111111
1933 2277 2184 2323 naturalem
2220 2275 2380 2322 descri-

326 2344 409 2390 bit.
498 2343 651 2389 Brevis
678 2356 888 2389 anatome
911 2345 1108 2403 partium
1135 2342 1403 2404 genitalium
1423 2360 1437 2394 3
1486 2341 1728 2402 graviditas
1750 2343 1834 2389 &c.
1902 2342 2304 2400 Noninexpertus
2329 2340 2381 2386 in

328 2415 431 2453 arte
450 2409 619 2452 9116101.

457 2488 592 2535 IDEM
620 2487 674 2533 ab
707 2502 828 2532 911110
855 2493 988 2545 1748.
1015 2488 1133 2547 cepit
1156 2486 1285 2534 edere
1312 2484 1789 2548 Obererzgebzirgisches
1808 2485 2002 2541 Journal
2039 2485 2283 2557 Annaberg
2304 2489 2344 2536 8.
2347 2479 2381 2511 *

324 2553 382 2600 In
405 2551 550 2612 primo
581 2564 708 2598 tomo
734 2552 881 2604 varia,
912 2553 1119 2610 interque
1139 2568 1188 2597 39
1212 2551 1339 2597 albus
1366 2552 1599 2612 capreolus
1619 2551 1772 2598 rubris
1791 2551 1952 2633 oculis,
1988 2549 2068 2609 qui
2087 2552 2137 2595 in
2159 2546 2380 2595 cuniculis

325 2617 436 2663 albis
461 2614 607 2662 solent
628 2615 755 2661 rubri
780 2612 876 2661 effe.
943 2613 1220 2674 Anevrysma
1246 2628 1398 2662 aortae.

453 2698 527 2758 EJ.
571 2697 690 2758 Disp.
719 2712 803 2756 qua
829 2700 1102 2742 nutzitionem
1127 2696 1237 2756 fetus
1264 2701 1308 2743 in
1338 2709 1459 2743 utero
1483 2709 1563 2757 per
1583 2695 1686 2754 vaso
1712 2695 1976 2741 umbilicalia
2002 2694 2142 2753 solum
2155 2695 2260 2756 fieri
2286 2709 2381 2739 con-

327 2761 467 2809 tendit
513 2760 624 2820 Lips
649 2772 781 2818 1751.
810 2759 889 2818 4*
955 2760 1114 2805 Fetum
1150 2758 1388 2812 describit,
1429 2774 1587 2806 natum
1614 2759 1779 2818 absque
1805 2761 1959 2819 lingua
1991 2759 2032 2803 &
2057 2760 2237 2803 maxilla
2267 2755 2383 2803 inse-

329 2827 453 2872 riori.
527 2826 700 2871 Contra
725 2840 831 2876 eos,
868 2825 947 2884 qui
976 2821 1215 2868 humorem
1239 2824 1381 2869 amnii
1404 2824 1520 2868 alere
1544 2823 1846 2869 contendunt.

455 2905 657 2952 Robertus
679 2907 943 2953 DOUGLAS.
1011 2904 1068 2963 Ε]
1075 2917 1134 2949 US
1156 2902 1217 2949 est
1239 2902 1357 2964 Effizy
1383 2908 1637 2965 concerning
1668 2901 1736 2949 the
1753 2920 1885 2963 gene}
1887 2907 2006 2949 atton
2034 2901 2194 2961 of'heot
2219 2907 2262 2949 in
2289 2905 2381 2948 ani-

330 2969 437 3018 mals
470 2969 664 3018 London
693 2980 828 3029 1747.
865 2975 945 3031 8.
914 2966 945 3001 *
1012 2966 1220 3019 Calorem
1255 2967 1376 3020 nasci
1413 2985 1438 3015 a
1462 2965 1695 3030 sanguinis
1724 2967 1920 3030 globulis
1956 2966 2188 3017 confridtis
2224 2978 2382 3012 contra

2184 3031 2378 3093 parietes
