2531 3394
282 114 375 168 ἰοῦ
675 94 956 152 ΕΙΒᾩΙΧ.
1022 97 1450 162 ΑΝΑΤΟΜΑΕὸ
1490 97 1930 151 PERFECTIO.

280 252 337 284 ex
363 234 467 297 igne
497 235 732 282 internum
764 241 912 282 aerem
943 228 1258 283 rarefaciente‚
1291 229 1366 276 cui
1387 227 1575 276 cohaefio
1600 230 1796 290 partium
1823 228 2143 279 fermentantis
2174 234 2335 294 corpo-²

277 301 340 348 ris
364 297 537 346 refistit.
621 298 862 361 Ejusmodi
891 293 1181 342 fermentatio
1204 293 1256 340 in
1287 293 1545 340 ventriculo
1571 295 1723 340 locum
1757 293 1921 349 habet,
1971 298 2014 343 &
2042 313 2098 343 ex
2124 294 2330 344 fervente
2410 306 2417 310 “

278 363 385 411 cibo
413 363 592 424 vaporis
629 361 775 423 specie
813 362 1078 408 alimentum
1111 357 1163 404 in
1187 355 1293 404 vasa
1323 359 1462 404 laelea
1495 355 1646 411 subit,
1693 357 1803 407 hinc
1834 359 1884 405 in
1916 375 2082 415 venas,
2118 359 2330 422 idemque

277 425 542 490 sanguinem
571 430 693 489 cogit
720 428 770 474 in
801 425 1018 472 circulum
1050 423 1128 468 ire.
1197 421 1290 468 Cor
1312 437 1410 468 non
1434 420 1563 468 causa
1586 433 1738 470 motus
1758 422 1846 476 est,
1883 420 1959 469 sed
1980 426 2327 485 receptaculum,

276 507 380 538 cum
419 489 611 539 vesicula
646 489 762 536 sellis
796 500 875 535 aut
915 485 1038 547 chyli
1072 486 1386 547 comparabile.
1473 486 1686 546 Denique
1713 503 1853 548 vapor
1878 485 2058 548 aufugit
2087 504 2165 548 per
2193 504 2330 550 poros

275 553 507 604 insensiles
536 558 577 602 ἃ
605 571 684 616 per
715 554 967 614 pulmones.
1770 570 1778 577 ’-
2067 557 2074 564 ’

408 637 885 684 XaveriusMANE'r'rl
900 666 912 685 ,
943 630 1152 679 Medicus
1165 631 1477 685 Florentinus,
1505 632 1648 679 edidit
1660 632 1900 679 Florentiae
1918 643 2052 691 1754.
2068 644 2114 690 4.
2133 632 2218 679 due
2235 630 2329 695 dzffi

264 699 408 766 fifiche
425 701 498 748 del
520 704 559 749 S.
589 699 640 746 de
666 701 882 758 Sauvages
905 696 948 742 la
970 701 1111 757 prima
1137 695 1202 741 de’
1224 695 1518 742 medicamenti
1549 695 1621 743 che
1641 708 1845 743 attacano
1866 697 2017 743 alcune
2047 696 2330 744 determinate

261 769 394 829 parti
417 765 487 812 del
513 777 638 825 corpo
665 777 850 808 umano:
889 777 910 806 e
936 761 980 806 la
1001 759 1214 819 secondo,
1255 774 1365 806 come
1395 759 1526 805 l’aria
1557 777 1631 807 con
1661 761 1698 807 le
1710 760 1787 818 sue
1810 760 1978 820 diverse
2007 761 2174 821 qualita
2199 773 2330 823 opera

264 830 339 889 sul
366 831 502 890 nostro
531 839 669 888 corpo.
737 826 884 872 Notas
918 822 992 870 hic
1016 823 1190 870 addi-dit
1215 821 1328 884 saepe
1353 820 1457 869 satis
1483 821 1617 870 fusas.
1686 823 2025 872 Tarantismum
2053 840 2222 871 meram
2248 822 2330 871 effe

272 891 634 941 melancholiam.

298 1035 343 1085 ‘s
402 974 534 1022 IDEM
560 973 764 1019 Florenz.
798 981 933 1030 1759.
963 966 1046 1029 4.*
1079 970 1260 1016 Antonii
1283 969 1487 1018 Coccm
1517 969 1730 1017 morbum
1759 968 1899 1016 edidit
1922 971 1964 1016 &
1990 968 2219 1018 cadaveris
2260 969 2331 1017 in-

272 1053 312 1086 ci
332 1053 497 1084 ionem.

399 1120 453 1166 R.
483 1120 717 1167 BROOKES
746 1114 1033 1163 introduffion
1062 1127 1106 1162 to
1126 1112 1272 1177 phyfih
1300 1113 1583 1176 andsztrgery
1614 1113 1812 1162 London
1832 1126 1969 1175 1754.
2001 1112 2081 1171 8.*
2114 1121 2250 1176 1763.
2282 1120 2326 1169 8.

272 1184 539 1232 Germanice
566 1180 722 1230 Berlin
745 1192 879 1239 1770.
911 1186 952 1234 8.
1021 1177 1354 1239 Phyfiologiam
1381 1178 1562 1225 brevem
1590 1178 1740 1226 tradit.

396 1265 471 1327 EJ.
511 1268 653 1312 Neuw
679 1262 768 1310 and
800 1272 981 1309 accurat
1001 1278 1021 1307 e
1039 1260 1188 1322 system
1210 1261 1263 1321 of
1275 1261 1456 1307 natural
1477 1259 1628 1321 history
1663 1259 1860 1309 London
1883 1268 1974 1320 176
2009 1296 2019 1308 .
2052 1266 2094 1315 8.
2134 1256 2329 1307 6.V01.*

270 1329 418 1377 Valde
444 1326 661 1376 vitiosum
698 1343 837 1387 opus,
872 1322 1026 1386 paffim
1047 1341 1151 1371 cum
1184 1326 1334 1384 aliqua
1363 1337 1588 1372 anatome.
1859 1337 1862 1338 ’

396 1411 640 1458 L'ECLUSE
671 1425 897 1456 nouveaux
927 1407 1097 1453 ele‘mens
1128 1405 1441 1468 d'odontologie
1476 1417 1703 1454 contenant
1728 1406 1973 1453 l'anatomie
2005 1406 2058 1453 de
2094 1406 2138 1453 la
2173 1403 2327 1452 bouche

267 1475 390 1522 Paris
418 1486 550 1535 1754.
583 1474 685 1521 123*ι
752 1474 974 1519 Anatome
998 1471 1114 1524 oris,
1151 1471 1248 1531 ejus
1269 1468 1428 1516 offium
1448 1504 1460 1524 ‚
1499 1469 1808 1518 musculorum
1834 1472 1875 1517 &
1899 1469 2126 1523 vasorum,
2155 1467 2247 1516 fere
2266 1485 2323 1516 ex

266 1539 605 1585 WINSLOWO.
673 1537 744 1582 De
775 1535 911 1581 modo
927 1569 939 1589 ‚
973 1551 1066 1595 quo
1085 1534 1246 1581 dentes
1264 1535 1393 1581 ladlei
1418 1550 1442 1581 a
1467 1532 1848 1600 subsequentibus
1873 1535 1972 1581 aliis
2002 1534 2319 1595 depelluntur,

264 1599 495 1651 subtracto
523 1602 580 1647 iis
612 1599 823 1646 dentibus
853 1600 1081 1645 alimento.

395 1683 776 1732 SaemuelMfflLEs
789 1680 844 1727 ad
858 1678 1103 1728 versionem
1119 1679 1377 1728 nostrarum
1399 1681 1644 1741 primarum
1664 1681 1885 1727 linearum
1904 1679 2104 1726 Londini
2125 1691 2259 1738 1754.
2276 1685 2320 1734 8.

266 1748 451 1796 2.V01‚*
485 1758 618 1805 1772.
645 1754 686 1799 8.
717 1745 902 1792 2.Vol.*
937 1742 1144 1790 excusam
1180 1745 1354 1791 addidit
1387 1744 1618 1791 historiam
1649 1756 1909 1797 anatomes‚
1942 1756 2040 1790 tum
2067 1743 2324 1790 adnotatio-

265 1828 370 1865 nes,
401 1812 566 1872 quibus
587 1807 914 1869 physiologiam
938 1809 1398 1857 BOERHAAVIANAM
1428 1807 1680 1855 confirmat.
1764 1808 1917 1854 Fibras
1950 1806 2030 1853 effe
2066 1805 2197 1853 series
2225 1809 2321 1868 glo-

264 1876 478 1922 bulorum
505 1872 795 1921 viscidorum.
863 1874 1014 1920 Multa
1036 1873 1198 1918 tribuit
1219 1873 1436 1933 potentiae
1460 1872 1715 1919 contradiili
1740 1873 2022 1925 arteriarum,
2058 1872 2192 1917 etiam
2210 1887 2321 1917 con-

264 1938 476 1995 vulfivae5
513 1938 639 1985 cordi
670 1937 838 1983 minus.
909 1937 1068 1983 Aerem
1104 1936 1153 1982 in
1180 1934 1400 1996 sanguine
1436 1952 1488 1982 eo
1523 1935 1700 1982 firmius
1732 1936 1917 1995 recipit,
1966 1935 2088 1995 quod
2117 1947 2248 1995 putet
2273 1931 2322 1981 se

266 2002 362 2064 ejus
388 2003 622 2063 strepitum
646 2003 695 2048 in
725 1999 909 2061 proprio
938 1999 1071 2046 corde
1095 1999 1342 2060 percepisse.
1413 2001 1468 2046 In
1495 1997 1693 2046 secundo
1724 2012 1852 2046 tomo
1871 1997 2153 2060 nosologiam
2174 1997 2315 2045 addit.

391 2082 642 2131 Recherches
672 2081 731 2139 ἓξ
760 2082 1047 2143 observatiom
1063 2079 1146 2139 fiir
1173 2081 1215 2126 la
1240 2080 1368 2128 dure‘e
1392 2081 1443 2127 de
1465 2081 1508 2128 la
1533 2086 1605 2129 vie
1626 2080 1679 2128 de
1705 2079 1898 2128 l'homme
1929 2081 2096 2140 Nancy
2117 2091 2248 2138 1754.
2273 2084 2318 2133 8.

391 2165 569 2275 Amisecl
593 2182 645 2212 ou
676 2165 719 2211 Ia
740 2168 896 2227 graine
920 2161 1146 2210 d’hommes
1173 2179 1276 2209 avec
1300 2162 1371 2210 des
1399 2180 1644 2225 remarques
1670 2163 1912 2224 amusantes
1951 2173 2087 2220 1754.
2113 2167 2155 2216 8.
2190 2160 2320 2222 jocu-

267 2232 357 2279 lare
383 2246 474 2292 opu
498 2245 552 2276 cu
574 2244 668 2276 um.

955 2295 994 2346 §-
1041 2291 1144 2339 MC
1160 2289 1365 2338 XLIV.
1471 2294 1611 2339 Varii.

394 2391 545 2438 GILES
571 2388 779 2435 WATTS
812 2405 839 2435 a
866 2386 1132 2449 dtffirtation
1159 2405 1212 2435 on
1242 2386 1310 2434 the
1331 2391 1500 2434 antient
1527 2391 1673 2434 notion
1705 2385 1759 2448 of
1774 2387 2021 2434 derivation
2055 2384 2146 2433 and
2169 2386 2315 2433 revul-

253 2453 343 2516 Jion
377 2454 522 2501 Lond.
547 2464 679 2510 1754.
705 2451 782 2505 8.*
849 2453 1123 2512 Sanguinem
1153 2468 1231 2512 per
1258 2468 1395 2498 venas
1422 2449 1535 2511 ipsas
1556 2468 1580 2498 a
1600 2451 1734 2497 corde
1761 2451 1947 2497 moveri.
2016 2450 2220 2497 Celerius
2235 2464 2313 2510 per

262 2518 469 2566 arteriam
499 2516 764 2577 sanguinem
792 2514 928 2560 fluere
949 2548 961 2567 ,
1005 2516 1133 2576 cujus
1163 2513 1518 2576 correspondens
1550 2530 1667 2563 vena
1698 2512 1836 2561 incisa
1871 2512 1939 2561 fit.
2017 2514 2104 2560 Pro
2139 2513 2312 2560 deriva-

261 2583 417 2635 tione,
452 2580 526 2628 sed
551 2597 602 2627 ea
628 2578 809 2640 praefici
828 2575 934 2624 sunt
961 2581 1229 2638 argumenti.

391 2663 464 2723 EJ.
515 2660 759 2725 Reflefflons
787 2676 841 2707 on
859 2658 969 2717 slow
1000 2659 1090 2704 and
1106 2661 1296 2721 painfull
1320 2660 1492 2708 labours
1527 2659 1619 2708 and
1646 2653 1765 2707 other
1792 2658 1975 2719 fitbjecff't's
2012 2662 2056 2704 in
2089 2655 2307 2718 midwifhy

260 2726 457 2775 london
484 2738 619 2784 1755·
645 2727 723 2783 4*
788 2724 960 2770 Contra
986 2722 1307 2774 BURTONUM.
1376 2725 1576 2772 Priorem
1611 2721 1871 2770 evanescere
1906 2723 2150 2781 marginem
2179 2718 2309 2780 supe-

259 2791 423 2837 riorem
455 2791 496 2835 &
524 2788 811 2850 posteriorem
837 2784 1001 2832 orificii
1032 2788 1165 2832 uteri.
1235 2788 1408 2835 Contra
1427 2789 1751 2835 anr'rmm
1771 2821 1783 2840 ‚
1820 2786 2009 2847 primam
2041 2782 2220 2830 causam
2239 2799 2308 2829 re-

258 2850 457 2913 spirandi
486 2853 536 2898 in
568 2850 665 2899 fetu
695 2850 776 2899 effe
806 2848 985 2900 sensum
1020 2849 1314 2901 incommodi.
1407 2850 1796 2913 Haemorrhagiam
1831 2866 1887 2899 ex
1911 2846 2118 2898 funiculo
2161 2846 2303 2900 vidit,

259 2932 397 2979 quam
419 2932 545 2965 venae
567 2915 744 2967 tribuit.

2200 2995 2307 3041 Ben-
