2531 3394
297 162 359 210 24
587 166 597 171 ν
647 118 678 213 J
719 111 1063 199 marm
1127 145 1496 195 ANATOME
1544 145 1914 222 DochR.

423 278 626 340 Primum
643 277 740 338 ejus
751 277 838 323 viri
857 292 970 337 opus
987 275 1156 336 prodiit
1174 275 1381 322 Venetiis
1400 264 1532 332 17³0&
1549 286 1593 332 4.
1629 273 2079 333 Roterodamss-17L9,
2098 281 2141 330 8.
2177 275 2344 338 Venet.
2388 255 2390 260 ι

302 332 504 402 174α-8.
539 340 750 402 idemque
774 339 887 399 saepe
911 355 1012 385 cum
1036 340 1277 386 BAGLIVH
1300 340 1509 399 operibus
1530 335 1737 384 recusum
1767 337 1828 384 est
1845 342 2087 399 Antwerp,
2105 353 2239 398 1715.
2264 338 2348 400 4*
2390 366 2393 368 -
2455 339 2457 343 ⁴

299 409 342 454 &
367 408 487 453 alias.
556 406 742 452 Titulus
767 404 827 450 est
854 403 905 449 de
921 402 1142 463 strufflura
1173 400 1231 456 ἓξ
1258 414 1375 448 motu
1400 402 1549 464 fibrae,
1586 401 1637 447 de
1663 405 1899 448 nutritione
1937 403 2140 456 animali,
2187 403 2239 450 de
2270 401 2349 450 ha-

275 467 603 517 ‘morrhoidibm
628 467 687 524 ἓξ
715 468 765 515 de
790 467 1048 515 camme-nida
1115 466 1169 511 In
1203 467 1238 510 1.
1266 467 1308 510 &
1333 465 1383 510 in
1405 466 1464 511 ΙΙ.
1499 466 1649 512 libello
1685 464 1846 512 fibram
1885 481 2068 516 omnem
2096 465 2233 512 habet
2263 483 2344 527 pro

297 532 401 580 vase
428 549 595 579 nerveo
621 533 853 583 minim0,'
870 531 910 575 ἃ
943 530 1039 588 ejus
1073 541 1282 575 naturam
1305 526 1396 573 fere
1426 529 1480 574 ad
1501 529 1712 576 BELLlNI
1736 531 1993 589 exemplum
2013 531 2347 591 contemplatus

296 596 387 643 est·
412 609 466 643 ut
492 595 701 642 fabricam
734 595 830 654 ejus
866 594 1181 638 elementarem
1215 608 1290 650 per
1318 592 1546 638 ratiocinii
1585 593 1678 638 vim
1711 606 1884 638 erueret
1905 627 1916 644 ,
1965 608 2020 636 ex
2053 608 2103 637 ea
2138 605 2348 640 naturam

295 661 612 710 contradiilem
645 658 895 705 deduceret.
967 657 1109 702 Porro
1137 655 1190 701 de
1216 655 1397 701 influxu
1427 657 1470 702 &
1496 656 1673 703 refluxu
1705 657 1860 703 nervei
1887 655 2125 702 humoris:
2171 656 2224 703 de
2251 655 2351 702 seii-

297 722 416 770 fibus
430 758 443 777 ,
479 724 532 769 de
553 722 748 769 stimulo.

423 804 478 850 In
505 803 601 850 Lib.
630 801 680 848 de
708 807 945 849 nutritione
966 802 1269 849 nutritionem
1289 802 1452 862 repetit
1471 817 1496 848 a
1526 800 1660 863 succo
1682 817 1867 854 nerveo,
1897 801 1946 847 in
1972 799 2188 847 fibrarum
2212 801 2351 849 inter·

298 869 413 915 valla
439 865 652 927 deposito.
747 866 920 912 Solidas
951 865 1152 925 corporis
1179 878 1325 925 partes
1348 866 1513 911 mutari
1544 864 1795 911 confirmat.
1886 866 1956 910 De
1981 863 2167 918 offium,
2204 864 2352 911 tendi-

297 947 426 983 num,
462 931 742 989 aliarumque
763 930 968 990 corporis
993 930 1191 989 partium
1217 930 1472 974 elementali
1497 927 1678 974 fabrica.
1749 930 1818 974 De
1842 929 1983 988 adipis
2006 931 2056 974 in
2083 927 2350 990 sanguinem

295 994 463 1040 reditu.
531 995 604 1039 De
624 991 949 1052 perspiratione
969 993 1132 1052 aliqua.
1202 991 1309 1038 Offa
1336 990 1467 1038 sensu
1495 1008 1660 1043 carere.

425 1075 481 1121 In
511 1077 560 1122 L.
575 1075 656 1121 ΙΙΙ.
687 1075 836 1133 aliqua
864 1074 918 1120 de
953 1073 1201 1134 sanguine,
1238 1072 1292 1119 de
1317 1073 1625 1134 stagnatione,
1671 1072 1725 1119 de
1757 1072 2079 1121 obstrud'tione.
2170 1073 2351 1120 fibram

292 1153 508 1186 nerveam
530 1155 627 1184 non
649 1136 820 1184 tensam
849 1139 954 1191 effe,
991 1136 1152 1197 spiritu
1178 1153 1346 1183 nerveo
1376 1148 1573 1197 turgere.
1942 1154 1946 1157 ·

421 1221 476 1265 In
507 1221 556 1266 L.
580 1220 662 1265 IV.
706 1219 950 1279 Liquorem
983 1217 1242 1264 seminalem
1278 1219 1529 1264 mulie-rum
1564 1217 1779 1264 admittit.
1857 1219 1894 1264 A
1932 1217 2093 1279 liquidi
2124 1216 2349 1266 seminalis

293 1282 478 1330 stimulo
498 1318 514 1336 ,
548 1285 590 1330 &
618 1283 909 1344 turgentibus
934 1280 1047 1329 valis
1078 1283 1200 1328 uteri
1221 1280 1394 1329 menses
1421 1281 1608 1328 derivat.

424 1366 599 1426 EJUSD.
642 1363 962 1423 Observationes
989 1368 1233 1411 anatomicae
1268 1364 1587 1422 Venet.1724.
1613 1360 1694 1422 4*
1730 1362 1852 1410 Leid.
1875 1375 2008 1421 1739.
2029 1375 2071 1422 4
2109 1361 2350 1412 Subtiliff-

293 1445 396 1477 mus
419 1427 664 1475 incisurum
695 1429 744 1474 in
774 1427 860 1474 hoc
895 1431 1059 1489 exiguo
1092 1428 1205 1474 libro
1234 1428 1477 1482 innumera
1513 1444 1632 1473 nova
1661 1429 1847 1472 inventa
1875 1427 2138 1487 proposuit,
2178 1429 2227 1474 in
2255 1445 2349 1473 car-

293 1494 422 1540 nium
447 1491 724 1552 potiffimum
751 1491 1061 1539 minutiffimis
1082 1490 1330 1545 fasciculis,
1367 1508 1482 1551 quos
1513 1508 1569 1537 ne
1596 1491 1846 1550 nuperrimi
1873 1491 2054 1550 quidem
2082 1494 2122 1538 &
2154 1490 2347 1538 solertis-

293 1555 393 1604 fimi
414 1555 651 1610 incisores,
687 1557 737 1602 in
758 1572 892 1609 aure,
929 1558 1138 1616 larynge,
1176 1553 1311 1608 facie,
1349 1553 1485 1608 naso,
1517 1555 1720 1614 partibus
1751 1571 1837 1600 ano
1859 1555 2023 1601 vicinis
2051 1553 2234 1616 adsequi
2271 1572 2348 1615 po-

293 1632 498 1667 tuerunt.
567 1621 711 1667 Pauca
743 1620 871 1666 liceat
901 1637 955 1665 ex
979 1620 1134 1666 multis
1161 1620 1229 1665 Cl.
1255 1619 1342 1666 viri
1362 1619 1576 1671 inventis,
1609 1630 1688 1665 aut
1714 1619 1964 1665 accuratius
1986 1619 2132 1672 dietis,
2167 1619 2348 1679 decerp-

292 1683 398 1730 fisse.
466 1685 637 1744 Utique
671 1685 720 1730 in
746 1700 933 1743 corpore
967 1684 1196 1730 reticulari
1235 1683 1416 1743 nigrum
1454 1681 1730 1742 Aethiopum
1766 1683 1963 1729 colorem
2001 1681 2234 1728 habitare:
2290 1683 2346 1729 ad

295 1764 398 1793 eum
431 1749 629 1794 colorem
659 1748 792 1793 bilem
823 1747 967 1793 videri
1003 1748 1172 1807 aliquid
1205 1745 1362 1792 facere.
1441 1745 1756 1792 Musculorum
1791 1744 1882 1791 nasi
1925 1747 1966 1791 ἅ
2000 1743 2128 1792 faciei
2169 1745 2346 1792 subtilis

294 1810 503 1863 historia,
542 1814 581 1857 8<
604 1828 722 1857 vera.
811 1812 920 1856 Duo
943 1812 1214 1871 zygomatici
1235 1809 1427 1856 musculi
1447 1844 1458 1862 ‚
1482 1812 1539 1856 ,ἃ
1570 1812 1733 1856 tertius
1763 1811 1817 1854 ab
1849 1811 2093 1869 orbiculari
2118 1806 2347 1869 palpebra-

293 1890 395 1921 rum
425 1873 673 1922 fascic-ulus.
743 1875 988 1920 Vomerem
1018 1874 1219 1921 accenset
1244 1874 1465 1920 ethmoidi
1489 1872 1582 1920 offi.
1651 1875 1802 1934 Negat
1834 1872 1947 1933 septi
1980 1873 2121 1920 lucidi
2149 1873 2343 1920 hiatum.

293 1939 446 1985 Habet
482 1938 740 1985 musculum
771 1942 1058 1986 retractorem
1092 1939 1397 1999 epiglottidis,
1430 1940 1637 1985 ,canalem
1671 1938 1911 1983 ducentem
1944 1954 1968 1983 a
1998 1937 2211 1997 glandula
2244 1937 2346 1996 thy-

294 2003 450 2048 roidea
480 2004 527 2048 in
551 2004 804 2064 glottidem.
874 2005 1071 2050 Pedioris
1103 2005 1305 2049 dextram
1335 2019 1515 2048 caveam
1544 2002 1807 2061 ampliorem
1833 2000 1928 2046 effe.
2000 2002 2135 2048 Sinus
2158 2002 2275 2046 uteri
2297 2002 2346 2046 in

294 2066 476 2128 gravida
517 2068 666 2126 ampli.
750 2066 855 2113 Nasi
893 2066 1085 2113 musculi
1125 2066 1421 2119 orbicularis,
1448 2080 1709 2126 procerus,
1748 2062 2058 2116 transversus,
2099 2066 2341 2116 dilatator,

292 2129 522 2176 musculus
551 2131 768 2183 orbiculi,
804 2129 878 2175 hic
901 2132 1201 2190 perminutus.
1271 2130 1399 2176 Labii
1428 2128 1697 2190 superioris,
1733 2129 1840 2174 labii
1866 2126 2090 2174 inferioris
2114 2125 2306 2174 musculi
2325 2147 2358 2179 3«

296 2195 508 2240 auriculae
536 2193 727 2241 musculi
748 2193 1028 2254 persubtileS.
1097 2197 1166 2240 Dc
1196 2192 1381 2240 sinubus
1419 2193 1615 2244 cerebri,
1660 2195 1699 2238 ἃ
1728 2190 1978 2244 emissariis,
2024 2193 2151 2237 venis
2181 2207 2342 2250 nempe

295 2256 416 2303 finus
454 2258 572 2304 inter
610 2261 652 2304 ἃ
685 2259 904 2303 exteriora
934 2256 1037 2304 vasa
1067 2259 1224 2317 capitis
1260 2256 1631 2303 commeantibus.
1701 2256 1884 2301 Cerebri
1908 2255 2094 2300 minutae
2116 2254 2231 2300 striae
2253 2271 2345 2300 me-

295 2321 517 2367 dullares:
554 2322 704 2367 decem
736 2337 982 2367 nervorum
1014 2322 1169 2381 capitis
1207 2322 1404 2381 origines
1436 2320 1674 2365 minutius.
1742 2317 1849 2364 Nafi
1882 2319 2164 2378 cartilagines
2200 2319 2352 2364 unde..

295 2385 396 2430 cim.
467 2384 573 2431 Offa
607 2383 819 2443 linusque
854 2385 1030 2430 narium
1075 2387 1115 2429 Sc
1157 2385 1317 2430 ductus
1357 2380 1555 2428 incisori.
1641 2382 1818 2441 Papillae
1856 2381 2128 2427 membranae
2154 2380 2341 2429 villosae.

294 2449 478 2508 Larynx
508 2465 611 2493 cum
635 2446 931 2494 subtiliflimis
961 2445 1175 2493 musculis
1203 2447 1476 2507 epiglottidis
1510 2446 1711 2505 aliisque.
1783 2446 1991 2504 Capitula
2025 2445 2343 2505 glandularum

295 2512 705 2570 acytaenoidearum
731 2528 810 2570 pro
835 2517 877 2556 6.
903 2512 943 2556 ἃ
963 2522 1006 2567 7.
1032 2511 1293 2571 cartilagine
1314 2511 1430 2556 data.
1499 2508 1699 2555 Musculi
1727 2507 1969 2568 pharyngis
1989 2511 2136 2556 multo
2156 2543 2169 2561 ,
2205 2525 2343 2569 quam

292 2575 411 2634 apud
439 2576 744 2622 VALSALVAM
769 2607 780 2626 ,
828 2574 1097 2625 uberiore33
1151 2575 1263 2619 novi
1308 2572 1499 2619 musculi
1530 2571 1941 2632 mylopharyngeus
1963 2606 1976 2625 ,
2021 2571 2338 2632 stylothyreoi-
2392 2625 2406 2635 ,

293 2640 429 2692 deus,
464 2639 554 2685 alii.
626 2638 789 2684 Cordis
816 2638 1007 2697 aequales
1034 2639 1304 2690 ventriculi,
1341 2653 1468 2684 aures
1497 2637 1757 2696 inaequale&
1824 2634 2050 2683 Mensura:
2072 2641 2341 2696 magnorum

293 2701 516 2749 vasorum.
585 2701 950 2761 Diaphragmatis
973 2712 1194 2746 anatome.
1266 2702 1405 2747 Linea
1432 2699 1556 2751 alba3
1593 2700 1817 2760 glandulae
1842 2700 2022 2758 cystidis
2046 2697 2198 2745 felleae.
2251 2700 2342 2745 Ani

293 2766 508 2824 penisque
521 2765 710 2812 musculi
735 2764 1010 2810 retractati&
1027 2780 1159 2822 quam
1172 2763 1389 2810 haelenus
1404 2762 1686 2823 copiosiores,
1715 2780 1871 2810 eorum
1895 2763 2031 2822 aliqui
2049 2763 2343 2808 novi&non-

295 2828 403 2873 dum
426 2831 605 2888 recepti,
627 2841 679 2875 ut
698 2829 957 2890 ejaculator,
984 2828 1073 2873 alii.
1143 2827 1286 2872 Venae
1310 2828 1462 2887 penis,
1497 2843 1689 2884 quarum
1715 2828 1886 2885 aliquas
1912 2825 2033 2872 sinus
2060 2838 2206 2872 vocat.
2273 2827 2343 2872 Ita

295 2892 349 2937 de
384 2892 623 2937 mulierum
663 2894 713 2938 in
738 2908 830 2938 ano-
854 2892 993 2951 inque
1021 2890 1243 2950 pudendis
1280 2891 1410 2936 novis
1433 2891 1569 2935 etiam
1600 2888 1825 2935 musculis.
1897 2890 2077 2948 Corpus
2102 2891 2152 2934 in
2172 2887 2340 2934 femina

296 2954 480 3013 gravida
505 2955 700 3001 luteum:
749 2955 932 3001 diducta
965 2955 1013 3000 in
1047 2965 1174 3013 partu
1200 2953 1287 2999 offa
1319 2953 1464 3013 pubis.
1544 2952 1715 2997 Contra
1748 2949 2044 2997 vesicularum
2073 2951 2340 3013 dignitatem

295 3019 655 3067 mmmmm.
721 3019 991 3080 Exemplum
1018 3015 1134 3065 fetus
1160 3017 1344 3067 tubarii.
1407 3016 1553 3064 Pauca
1582 3012 1677 3062 haec
1704 3031 1757 3063 ex
1775 3014 1996 3076 plurimis,
2260 3080 2297 3126 E

2298 3093 2339 3139 J,
