2531 3394
275 112 372 171 646
669 84 805 158 mir.
853 109 951 166 tx,
1017 104 1458 165 ANAToMEs†
1486 108 1931 166 PERFECT10.·

409 241 464 289 T.
486 241 674 289 XXIX.
720 243 1001 290 NOLLESON
1043 239 1160 287 fetus
1197 237 1474 286 monstrosus
1503 241 1649 300 capite
1688 240 1880 289 humero
1908 242 2192 299 inhaerente,
2245 243 2336 292 offix

277 306 436 368 eapitis
465 300 647 367 penitus
669 304 913 359 deformia,
953 308 993 352 ἃ
1016 305 1192 350 nudum
1221 302 1483 357 cerebrum,
1512 303 1678 364 absque
1702 307 1825 366 galea
1854 310 2007 356 cranii.

408 389 643 436 LAUGIER
663 388 722 434 'de
749 385 1099 434 anastomofihus
1124 383 1333 431 vasorum
1360 384 1645 446 superiorum
1673 385 1848 433 brachii
1884 404 1986 434 cum
2017 389 2327 439 inferioribus.

277 451 477 501 Radialis
507 454 679 499 arteriae
700 469 800 498 cum
817 465 980 498 trunco
1002 451 1175 496 arteriae
1190 449 1442 496 brachialis.
1512 451 1630 496 Duae
1646 452 1743 496 aliae
1768 467 1870 497 cum
1890 467 2163 508 recurrente,
2196 458 2332 502 etiam

279 518 535 576 eonjuneiae
567 533 668 562 cum
699 517 788 561 alio
822 532 948 560 ramo
979 516 1151 560 arteria:
1186 513 1439 560 brachialis.
1533 515 1686 560 Tertia
1714 531 1792 575 per
1823 516 2334 579 condylum'internum

280 580 414 626 dudia
440 597 495 626 ex
534 597 656 626 ramo
689 580 743 624 ad
779 579 957 625 tertiam
987 591 1159 638 partem
1191 576 1372 623 humeri
1402 594 1426 623 a
1455 576 1669 629 brachiali
1706 580 1866 625 arteria
1899 594 2031 627 natos
2051 615 2063 635 ‚
2113 590 2213 642 quae
2246 599 2333 643 ego

276 645 409 703 plene
445 645 657 690 dixeram.
1085 663 1090 664 ⁷

410 724 749 787 Abhandlzmgen
773 724 862 771 mid
880 721 1180 786 Eifzdirzmgen
1200 724 1281 772 der
1302 722 1612 783 ceconomifishen
1635 724 2041 788 Bienengefth'sclmft
2073 742 2170 772 vom
2196 725 2338 781 Jahrev

279 788 485 836 Dresden
512 797 645 847 1768.
678 796 747 842 8.,
801 801 854 834 ut
882 801 1010 849 puto.
1073 787 1253 849 Absque
1282 800 1423 835 matre
1449 787 1567 851 poffe
1594 805 1695 850 apes
1715 791 1947 851 generari,
1991 793 2030 838 &
2057 788 2203 851 ipsam
2222 791 2337 853 regi-

275 870 397 908 nam,
423 852 453 900 fi
472 856 643 914 prolem
668 869 769 914 apes
791 853 975 914 plebejae
1000 852 1340 900 incubaverint.
1916 871 1921 875 ’

686 989 721 1038 §.
759 955 1237 1032 MeCXXXVII.
1304 985 1589 1034 INexsonsss.
1659 985 1926 1033 SABA‘rmR.

405 1120 417 1132 .
443 1120 452 1131 .
481 1120 491 1132 .
518 1121 526 1130 .
553 1084 806 1130 SABATOER
830 1083 953 1129 Paris
978 1089 1115 1140 1768,
1149 1094 1218 1128 12.
1255 1080 1443 1129 2.Vol,*
1480 1081 1603 1127 dedit
1629 1098 1794 1127 novam
1824 1082 2069 1129 editionem
2098 1094 2329 1132 anatomes

276 1149 495 1196 CAESARIS
522 1148 773 1194 VERDIER.
844 1147 1042 1193 Plurima
1080 1162 1179 1206 pars
1212 1163 1344 1191 novae
1382 1146 1594 1191 editionis
1631 1148 1826 1205 pertinet
1853 1147 1908 1192 ad
1933 1147 2164 1193 editorem.
2233 1150 2332 1194 Du-

279 1216 401 1259 &um
433 1209 669 1258 incisivum
702 1222 852 1257 tamen
876 1227 1004 1257 nares
1034 1226 1136 1257 cum
1172 1227 1248 1255 ore
1279 1210 1568 1269 conjungere·
1639 1210 1703 1256 Ut
1735 1209 1867 1269 possit
1892 1211 2056 1256 unicus
2074 1213 2124 1256 in
2147 1213 2333 1258 maxilla

279 1277 389 1323 dens
431 1276 672 1322 numerari.
741 1276 812 1321 De
850 1274 976 1336 spina
1009 1273 1148 1320 bifida
1172 1274 1372 1333 primum
1411 1289 1436 1318 a
1467 1274 1663 1320 TULP10
1698 1273 1828 1320 dicta.
1899 1275 1968 1320 De
1998 1272 2164 1322 offibus
2195 1276 2330 1335 pubis

275 1340 327 1387 in
356 1341 562 1386 violento
589 1352 721 1399 partu
751 1338 1098 1386 discedentibus.
1167 1339 1222 1384 In
1257 1335 1470 1383 musculis
1501 1339 1738 1383 ALmNUM
1760 1338 1942 1397 potius,
1981 1354 2120 1397 quam
2147 1340 2329 1387 Wle-

276 1417 470 1451 LOWUM
513 1402 697 1450 secutus·
729 1402 803 1450 est.
893 1403 1167 1449 Peetoralem
1211 1400 1468 1448 musculum
1505 1402 1665 1460 utique
1694 1401 1749 1446 ad
1788 1400 2129 1461 respirationem
2165 1402 2327 1451 facere.

276 1468 449 1514 Contra
472 1469 821 1515 HAMBERGERl
854 1467 906 1512 de
928 1465 1143 1512 musculis
1172 1465 1533 1511 intercostalibus
1561 1464 1752 1510 internis
1777 1466 2056 1525 opinionem.
2127 1467 2182 1513 In
2215 1467 2331 1514 dura

271 1531 484 1593 meninge
515 1548 663 1591 neque
697 1548 862 1578 nervos
888 1529 996 1583 esse,
1036 1546 1185 1589 neque
1213 1527 1404 1576 sensum.
1489 1529 1573 1574 Pro
1607 1540 1737 1575 motu
1769 1529 1936 1575 cerebri
1974 1546 1997 1575 a
2032 1529 2334 1590 respiratione*

273 1595 512 1653 pendente.
602 1594 954 1642 Infundibulum
995 1592 1188 1640 solidum
1231 1592 1326 1639 esse.
1413 1592 1727 1639 Membranam
1768 1593 2032 1652 pupillarem
2061 1595 2256 1653 primum
2301 1611 2327 1641 a

271 1658 724 1708 WACHENDORFIO
743 1694 755 1713 ‚
793 1658 898 1704 inde
930 1675 953 1703 a
980 1675 1050 1703 me
1071 1656 1335 1717 descriptam
1366 1654 1504 1702 suiffe.
1574 1657 1644 1701 De
1677 1655 1883 1702 musculo
1911 1669 2097 1703 externo
2135 1658 2321 1711 mallei,

272 1722 416 1782 deque
443 1723 706 1783 mylogloffo
729 1726 845 1770 redte
865 1722 1053 1768 dubitat.
1125 1721 1398 1767 Coronarias
1422 1720 1604 1766 arterias
1628 1720 1787 1765 eodem
1812 1731 2013 1780 tempore
2035 1722 2197 1768 micare
2219 1737 2323 1768 cum

269 1788 454 1846 reliquis
477 1786 673 1833 universi
708 1787 908 1846 corporis
937 1786 1126 1832 arteriis.
1194 1785 1494 1844 Pyramidales
1518 1782 1746 1830 musculos
1780 1785 1998 1844 utrinque
2027 1785 2159 1831 binos
2191 1785 2325 1832 vidit.

268 1849 400 1897 Prius
427 1849 470 1896 se
502 1849 653 1896 vidiffe
685 1851 793 1897 flatu
820 1851 1023 1897 valvulas
1048 1848 1368 1895 intestinorum
1393 1848 1527 1894 deleri
1556 1846 1688 1907 poffe,
1727 1864 1860 1907 quam
1880 1848 2124 1895 ALBiNUM'
2142 1848 2327 1910 legisset.

267 1914 339 1959 De
366 1926 458 1960 rete
489 1912 609 1974 quasi
640 1913 791 1960 vesicae
824 1913 1052 1960 urinariae.
1124 1914 1298 1958 Contra
1339 1910 1597 1970 hymenem.
1683 1913 1864 1957 Mecum
1902 1912 1954 1957 de
2000 1913 2176 1972 origine
2211 1912 2328 1959 lutei

270 1977 487 2036 corporis.
557 1983 736 2024 ALBINJ
767 1978 973 2024 arteriam
1011 1978 1250 2023 centralem
1277 1975 1543 2034 crystallinae
1569 1975 1705 2020 lentis
1732 1991 1827 2020 non
1850 1976 1964 2021 bene
1998 1975 2112 2021 mihi
2132 1977 2322 2029 tribuit,

269 2040 350 2100 qui
380 2053 554 2087 tantum
590 2057 684 2086 eam
715 2043 921 2087 arteriam
956 2041 1005 2087 in
1033 2039 1227 2101 piscibus
1257 2040 1380 2092 vidi,
1430 2038 1740 2084 membranam
1773 2039 1965 2086 vitream
2000 2041 2147 2086 rubris
2184 2041 2321 2086 ramis

264 2105 587 2165 perambulare.
653 2106 914 2152 Nervoruin
938 2105 1176 2151 involucra
1203 2106 1361 2163 utique
1385 2119 1549 2154 meram
1578 2103 1711 2148 telam
1734 2102 1990 2149 cellulosam
2016 2103 2110 2149 effe.

395 2186 569 2246 EJUSD.
610 2190 758 2233 Traite'
769 2187 943 2248 complet
956 2186 1232 2232 d’Anatomie
1255 2185 1376 2231 Paris
1395 2196 1528 2241 1775.
1554 2190 1597 2238 8⁴
1614 2184 1719 2244 maj.
1739 2183 1927 2230 2.Vol.*
1950 2185 2189 2245 Egregium
2205 2201 2320 2245 opus

265 2248 499 2297 substituit
529 2251 808 2297 VERDIERH
842 2252 996 2310 operi,
1031 2250 1153 2310 quod
1184 2250 1292 2295 olim
1321 2248 1535 2294 ediderat.
1605 2248 1777 2294 Totum
1815 2249 1993 2308 excerpi
2021 2264 2118 2294 non
2146 2249 2316 2308 potest,

267 2331 402 2375 quare
429 2315 477 2360 in
506 2315 647 2360 altero
672 2327 797 2360 tomo
820 2313 1061 2360 subsistam.
1132 2314 1342 2360 Omnino
1367 2328 1500 2357 verus
1530 2311 1649 2357 adest
1674 2309 1903 2358 musculus
1935 2310 2143 2358 incisurae
2173 2313 2314 2373 majo-

265 2381 328 2426 ris
362 2379 589 2424 auriculae.
657 2378 850 2423 Nullum
882 2377 940 2423 est
959 2377 1163 2424 foramen
1194 2377 1466 2422 membranae
1501 2377 1732 2435 tympani,
1766 2374 1849 2421 nifi
1889 2392 1965 2436 per
1998 2377 2204 2423 accidens
2238 2393 2318 2422 na-

264 2454 378 2489 tum.
447 2442 578 2487 Duos
617 2439 843 2487 musculos
879 2442 1075 2488 minores
1116 2442 1265 2487 mallei
1297 2456 1393 2486 non
1428 2439 1642 2485 admittit·
1711 2439 1912 2486 Musculi
1940 2439 2319 2500 crieothyreoidei·

266 2504 501 2567 glottidem
520 2506 706 2551 arctant.
777 2505 917 2560 Qiod
941 2522 1016 2551 eor
1042 2508 1162 2566 apice
1177 2503 1257 2552 suo
1272 2507 1426 2565 pedius
1440 2504 1678 2563 percutiat,
1711 2503 2052 2550 deberiduabus
2066 2505 2316 2565 majoribus

264 2569 460 2616 valvulis
487 2567 702 2614 ostiorum
731 2566 1021 2621 venosorum‚
1055 2586 1153 2628 quae
1172 2581 1340 2629 partem
1356 2567 1587 2626 sanguinis
1610 2568 1658 2613 in
1673 2569 1919 2614 auriculam
1945 2566 2187 2614 retrorsum
2214 2583 2314 2626 pre-

263 2644 414 2685 munt,
443 2632 694 2678 &eamdem
707 2629 839 2692 supra
852 2631 1037 2677 modum
1053 2635 1240 2692 replent,
1272 2645 1325 2678 ut
1347 2631 1589 2678 relistentia
1609 2630 1686 2678 sua
1701 2633 1870 2692 apicem
1887 2632 2033 2678 cordis
2054 2628 2311 2677 antrorsum

264 2698 413 2758 pellat.
483 2695 667 2755 Aliquid
683 2708 834 2742 tamen
849 2695 1182 2742 deberiarteriis
1198 2697 1394 2755 magnis,
1425 2711 1523 2755 quae
1537 2712 1590 2741 ex
1602 2699 1820 2742 curvitate
1844 2694 1888 2742 se
1915 2697 1965 2742 in
1991 2694 2312 2741 rediitudinem

266 2760 569 2820 exporrigant.
637 2760 778 2805 Nulla
798 2759 995 2805 admittit
1010 2758 1117 2804 ostia
1130 2758 1372 2817 sanguinea
1392 2760 1442 2805 in
1457 2758 1690 2819 coripsum
1711 2771 1875 2819 aperta.
1942 2760 2126 2805 Motum
2142 2755 2311 2804 sucees-

264 2822 407 2869 sivum
424 2823 619 2883 partium
633 2824 778 2870 cordis
791 2821 871 2869 effe
885 2823 1186 2883 amigratione
1201 2824 1380 2869 stimuli.
1445 2824 1606 2869 Nullas
1624 2822 1925 2884 fibraslongas
1939 2839 1963 2868 a
1980 2821 2199 2867 cricoidea
2217 2837 2311 2868 car-

264 2887 451 2946 tilagine
487 2887 534 2932 in
558 2885 813 2933 bronchum
842 2887 920 2934 ire.
991 2886 1283 2947 Objetstiones
1318 2898 1474 2932 contra
1507 2888 1815 2946 experimenta
1845 2887 2115 2946 pulmonum
2148 2897 2309 2931 natan-

265 2950 382 3000 tium
419 2952 461 3000 ἃ
494 2948 835 2999 subsidentium.
922 2950 978 2999 In
1013 2951 1266 2999 ventriculo
1300 2950 1484 3011 vestigia
1529 2949 1740 2999 vasorum
1774 2951 2018 2999 laeteorum
2056 2948 2101 2997 se
2134 2947 2305 3063 &dige-

2177 3029 2229 3075 ειΡ
2253 3028 2303 3075 U:
