2531 3394
1466 19 1502 36 s‘

258 139 357 211 5454
568 104 788 192 *ΜΕ
841 139 934 189 rx.
1015 128 1435 186 ANAToMEs
1485 126 1931 181 PERFECTIO.

264 276 509 341 superavit.
565 271 791 326 Viscera,
826 269 1078 322 musculos,
1117 280 1308 317 nervos,
1343 261 1568 309 bronchia
1604 261 1867 328 animalculi
1893 258 2151 308 incredibili
2179 260 2327 310 studio

265 341 525 406 persecutus
546 336 864 399 elegantiffime
878 336 1098 381 delineata
1113 330 1234 376 dedit
1250 328 1418 373 omnia.
1454 325 1615 373 Nihilo
1635 325 1864 384 pauciores
1877 338 2022 385 partes
2036 326 2085 371 in
2103 343 2235 373 eruca
2255 326 2330 373 de<-

264 407 394 460 texit,
418 408 553 467 quam
569 404 620 450 in
635 402 820 448 homine
833 403 1150 445 innotuerunt.
1190 394 1412 452 Linguam
1427 406 1571 436 erucae
1583 389 1762 436 tribuit.
1793 390 1920 435 Num
1934 387 2117 448 respiret
2131 390 2325 438 dubitat,

270 469 486 523 Musculi‚
502 467 767 518 tendinis,&
785 464 927 510 carnis
946 459 1185 507 discrimen
1195 455 1293 501 haec
1314 452 1478 500 insecta
1494 470 1590 500 non
1605 451 1803 504 habent3
1825 451 1900 499 fila
1915 451 2167 499 musculosa
2179 454 2233 500 ad
2246 454 2329 501 mi-

269 533 552 594 ctoscopium
580 532 751 577 intorta
778 528 1008 586 adparent.
1079 521 1326 567 Cerebrum
1351 534 1448 563 non
1471 513 1623 563 differt
1645 533 1670 562 a
1699 517 1885 575 reliquis
1919 527 1989 570 13.
2016 518 2214 575 gemellis
2236 535 2328 564 me-

271 600 406 647 dullae
430 596 612 658 spinalis
650 592 832 639 nodulis
855 608 864 634 :
913 604 962 634 ea
989 586 1145 632 durior
1171 583 1260 636 est,
1299 598 1434 642 quam
1457 580 1675 633 hominis,
1712 582 1753 626 &
1780 579 1911 626 suum
1943 578 2080 625 habet
2103 582 2327 629 corticem.

271 663 414 720 Qod
443 677 519 708 cor
546 659 741 709 dicitur,
778 656 816 700 is
841 652 1029 699 tubulus
1061 649 1122 695 est
1150 645 1360 709 pulsans:
1396 643 1500 693 Vasa
1527 646 1717 690 omnino
1739 646 1871 690 'nulla
1899 641 2007 689 sunt
2039 643 2088 688 in
2123 645 2329 692 animale.

268 726 446 775 Tubuli
471 723 650 770 sericei:
689 718 839 767 tubuli
863 715 1001 762 saliva
1023 713 1162 774 pleni.
1230 712 1404 763 Renes,
1440 720 1520 756 aut
1542 707 1690 755 futuri
1714 705 1831 754 forte
1858 707 1988 754 testes
2009 718 2144 767 atque
2161 710 2330 755 ovaria.

268 791 360 838 Via
394 788 574 836 cibaria.
643 782 818 830 Tubuli
847 777 1145 840 pneumaticis
1174 773 1348 821 adfines
1367 808 1379 827 ,
1416 773 1494 818 alii
1515 789 1540 818 a
1565 770 1842 818 salivalibus.
1912 770 2057 818 Multi
2082 771 2135 816 in
2162 774 2333 818 ventri-

264 856 376 902 aculo
403 855 444 900 &
469 849 680 898 intestino
705 844 913 892 musculi.
983 842 1153 901 Spirale
1185 854 1343 885 eorum
1379 834 1600 883 fibrosum
1631 834 1833 895 systema.
1901 834 2148 903 Papilionis
2176 849 2335 883 anato-

265 934 378 965 men
403 913 644 978 promittit.
712 911 938 969 Polypum
971 903 1201 952 trisectum
1231 899 1518 949 convaluisse.

203 1050 205 1053 v
403 993 593 1045 Seorfim
615 992 784 1053 prodiit
801 990 1053 1050 description
1070 985 1142 1033 des
1164 986 1410 1046 instrumens
1435 980 1493 1037 ἓξ
1521 981 1592 1027 des
1616 980 1745 1028 outils
1774 979 1881 1027 dont
1897 979 2086 1027 l'auteur
2111 982 2197 1042 5³(ss
2208 979 2335 1040 servi

274 1063 340 1110 La
361 1062 490 1121 Haye
520 1064 654 1117 1762.
681 1055 762 1115 4*
829 1050 1186 1112 Microscopium
1213 1049 1348 1095 etiam
1373 1044 1668 1108 potiffimum..

397 1143 452 1189 In
463 1141 612 1187 Tomo
636 1139 719 1186 ΙΙΙ.
746 1134 1104 1195 verlmndelingen
1129 1131 1204 1178 der
1226 1129 1467 1178 Hellandze
1487 1124 1784 1187 nmatschappy
1808 1127 1942 1173 etiam
1969 1143 2066 1172 eam
2089 1124 2338 1173 mensulam

272 1204 639 1278 microscopicam
663 1198 902 1260 descripfit.
973 1200 1077 1246 Una
1106 1194 1197 1243 fere
1224 1196 1382 1255 quinta
1406 1204 1530 1254 parte
1559 1194 1784 1238 minorem
1815 1189 1895 1236 effe
1931 1189 2334 1252 microscopiorum

275 1287 370 1319 {vnn
392 1281 630 1329 augentem
646 1301 659 1320 ,
696 1281 832 1325 quam
855 1275 1056 1324 putatur..

402 1352 460 1399 In
484 1345 780 1408 Hanbvetsclae
812 1349 1019 1407 Beytriige
1045 1344 1101 1391 T.
1118 1342 1154 1390 1.
1192 1352 1326 1400 1759.
1350 1350 1395 1398 4.
1433 1335 1525 1385 diff.
1553 1354 1602 1384 os
1633 1336 1687 1383 de
1721 1335 2003 1384 oscitatione.

729 1478 772 1537 §.
808 1478 913 1526 MC
929 1474 1259 1524 LXXXIII.
1331 1474 1473 1519 Simon
1506 1472 1652 1517 Petrus
1674 1468 1881 1515 PALLAS.

341 1605 350 1617 =
402 1581 474 1628 'Ex
499 1578 735 1641 praecipuis
767 1586 998 1622 anatomes
1028 1582 1295 1633 comparatae
1320 1568 1586 1619 statoribus,
1619 1582 1643 1612 a
1671 1581 1763 1626 quo
1787 1565 1872 1612 iter
1893 1560 2012 1626 juffu
2035 1563 2339 1624 Imperatricis

276 1644 448 1695 Ruffiae
474 1655 665 1704 urgente
690 1642 834 1687 multa
863 1656 998 1699 porro
1020 1636 1263 1697 speramus.
1334 1635 1406 1694 EJ.
1441 1630 1701 1691 Disputatio
1729 1629 2008 1689 inauguralis
2032 1628 2084 1674 de
2107 1629 2258 1687 inseffis
2277 1633 2339 1673 vi.

282 1709 473 1756 ventibus
498 1713 621 1753 intra
649 1709 845 1751 viventia
880 1703 1051 1764 prodiit
1085 1700 1208 1747 Leid.
1229 1704 1365 1755 1760.
1398 1697 1472 1754 4*
1546 1695 1856 1744 Animalcula,
1895 1709 1994 1751 quae
2027 1709 2198 1739 vermes
2231 1691 2343 1738 sole-

279 1790 382 1820 mus
400 1774 447 1819 in
460 1771 645 1818 homine
659 1770 910 1820 nominare,
925 1768 974 1812 in
988 1763 1133 1812 classes
1147 1761 1406 1811 constituit3
1436 1757 1588 1820 paffim
1606 1759 1739 1804 etiam
1754 1755 2057 1817 physiologica
2071 1757 2220 1816 aliqua
2234 1756 2345 1817 adji-

280 1840 360 1884 cit.
422 1837 468 1883 N
473 1834 688 1881 ori-credit
702 1834 1005 1883 ΖΑΜΡΟΝΙΟ,
1038 1828 1283 1876 lumbricos
1304 1825 1410 1871 viva
1425 1822 1637 1870 animalia
1654 1838 1821 1882 parere.
1893 1822 1947 1866 In
1971 1820 2164 1866 animale
2182 1834 2345 1880 penem

281 1902 442 1960 utique
456 1899 598 1946 vidit:
627 1899 674 1943 in
691 1898 866 1943 duabus
884 1896 1031 1940 taeniae
1047 1891 1276 1952 speciebus
1292 1900 1438 1948 caput.
1495 1889 1672 1944 Quarta
1689 1886 1821 1931 taenia
1836 1886 2050 1931 articulos
2066 1885 2232 1944 dejicit,
2263 1884 2343 1943 qui

283 1966 334 2011 in
357 1963 590 2023 proprium
617 1963 782 2007 animal
805 1956 1145 2009 convalescant,
1183 1957 1224 2002 ὃς
1255 1968 1403 2000 unum
1430 1963 1582 1998 tamen
1599 1950 1751 1995 eadem
1771 1948 1831 1994 est
1851 1949 2036 1995 animal.
2093 1949 2251 1994 Taenia
2264 1946 2347 2006 hy-

284 2027 472 2088 dropica
485 2027 678 2072 Tvsom
706 2040 865 2071 verum
885 2022 946 2068 est
967 2021 1148 2067 animal.
1200 2016 1458 2077 Suspicatur
1478 2014 1746 2075 congenitos
1764 2012 1843 2059 effe
1867 2012 2001 2058 nobis
2022 2029 2097 2058 eos
2115 2011 2278 2058 hostes.

413 2109 534 2168 EJUS
561 2105 752 2153 Etenchws
779 2102 1084 2166 zoophytorum
1104 2135 1116 2154 ,
1150 2115 1352 2162 generum
1372 2096 1741 2148 adumbrationes,
1766 2095 1999 2156 specierum
2027 2092 2339 2153 descriptiones,

286 2190 381 2223 cum
405 2171 557 2231 seleffi‘t’r
575 2169 814 2229 synonymia
859 2170 999 2228 Haag.
1031 2171 1166 2223 1766.
1195 2168 1266 2217 8.’‘
1311 2163 1353 2208 ἃ
1390 2159 1565 2221 Belgice
1598 2172 1805 2205 vertente
1842 2174 1945 2203 cum
1987 2158 2108 2202 notis
2145 2157 2190 2202 P.
2216 2159 2346 2205 Βου-

291 2250 466 2287 DAERT
505 2232 698 2281 Utrecht
733 2238 866 2288 1768.
893 2238 934 2284 8.
1005 2229 1140 2290 Apud
1170 2228 1485 2274 IMPERATUM
1518 2224 1667 2282 aliqua
1708 2221 1760 2268 de
1797 2222 1980 2268 animali
2018 2232 2179 2266 natura
2213 2220 2350 2267 litho-

287 2300 538 2363 phytorum
569 2295 610 2342 se
646 2294 790 2356 legiffe
823 2307 992 2341 monet.
1064 2290 1307 2351 Zoophyta
1345 2287 1634 2348 vegetatione
1679 2285 1734 2331 ad
1768 2288 1968 2345 plantas,
2017 2286 2064 2329 vi
2094 2284 2348 2330 contradlili

291 2365 348 2411 ad
371 2361 582 2410 animalia
603 2360 825 2406 accedere.
894 2358 1053 2417 Polypi
1079 2358 1300 2416 vulgares,
1335 2364 1435 2398 tum
1464 2351 1544 2410 qui
1568 2348 1782 2402 escharas,
1819 2348 2072 2395 sertularias
2095 2382 2107 2400 ,
2150 2349 2348 2408 aliasque

289 2430 468 2489 plantas
504 2424 699 2470 marinas
734 2423 958 2468 incolunt.
1041 2419 1323 2466 Animalcula
1362 2418 1538 2461 minora
1578 2411 1804 2473 simplicia.
1892 2413 2131 2473 Gorgonia
2171 2412 2348 2472 polypis

293 2488 552 2538 efflorescit.
621 2486 781 2547 Polypi
807 2482 1078 2544 antipathes,
1117 2482 1435 2532 coralliorum,
1473 2478 1746 2537 milleporae‚
1781 2477 2070 2537 madreporae‚
2098 2476 2347 2535 tubiporze3

295 2554 520 2614 alcyonia,
552 2551 946 2612 pennaermarinae.
1018 2548 1233 2606 Spongiae
1271 2543 1348 2590 ffla
1382 2543 1566 2588 animali
1604 2543 1797 2602 ¹gelatina
1837 2542 2124 2587 ambeuntur.
2193 2538 2351 2585 Taenia

293 2634 442 2665 unum
457 2616 639 2667 animal,
671 2631 726 2659 ex
746 2611 1007 2659 viventibus
1028 2612 1069 2655 ἃ
1089 2610 1267 2670 propria
1295 2608 1446 2654 ovaria
1461 2605 1733 2652 habentibus
1754 2605 2024 2651 animalibus
2051 2600 2348 2663 conpositum.

291 2681 541 2733 Corallinae
566 2694 699 2724 merae
729 2675 836 2723 sunt
867 2676 1046 2736 plantae.

423 2763 498 2822 EJ.
549 2758 821 2819 Miscellanea
844 2756 1056 2817 zoologica
1102 2754 1243 2812 Haag.
1268 2756 1401 2808 1756.
1427 2750 1507 2810 4*
1546 2752 1586 2798 ἃ
1606 2747 1987 2811 Natzmgeschichte
2014 2745 2353 2808 merkwiirdiger

307 2824 464 2874 Thiere
495 2836 701 2870 vertente
726 2823 826 2868 ILL.
849 2821 1149 2867 BALDINGER
1204 2817 1353 2861 Berlin
1376 2828 1512 2873 1770.
1548 2827 1592 2872 4.
1664 2815 1906 2861 Rariorum
1944 2811 2208 2857 animalium
2246 2810 2354 2857 sunt

298 2887 638 2948 descriptiones,
667 2884 859 2933 subinde
885 2880 1194 2932 &incisiones,
1221 2891 1272 2925 ut
1290 2880 1542 2938 capreoli&
1561 2875 1991 2934 SaviaeAEthiopicae‚
2060 2874 2238 2920 Deinde
2259 2875 2355 2920 ani-

293 2952 432 3001 malia
457 2952 605 3010 aliqua
635 2950 809 2997 marina
839 2947 999 2994 mollia
1028 2942 1277 2992 constituit.
1346 2943 1517 2987 Eorum
1557 2955 1845 2988 communem
1890 2936 1982 2984 sere
2008 2936 2220 2985 fabricam
2247 2937 2351 2992 ess'e,

296 3027 354 3069 ut
382 3031 439 3065 ex
462 3014 678 3064 intestino
714 3028 831 3063 vena
856 3010 1122 3077 proveniat,
1157 3022 1256 3069 quae
1280 3006 1331 3055 in
1362 3005 1571 3055 arteriam
1596 3003 1916 3057 continuetur,
1955 3019 2091 3065 porro
2122 3018 2269 3051 ramos
2300 3001 2357 3047 ad

2175 3064 2354 3115 muscu-
