2531 3394
282 124 380 179 με
659 84 799 173 rm.
846 125 942 172 ιχ.
1000 90 1430 197 ἈΝΑΤΟΜΕε
1476 104 1966 177 111111111111110.7

283 262 419 310 1740.
447 263 495 311 4.
524 248 684 300 max.*
710 255 995 315 prodierunt.
1061 253 1118 299 In
1158 268 1314 300 earum
1348 250 1544 300 secunda
1577 254 1729 316 agitur
1759 254 1818 307 ¹de
1849 254 2039 309 homine
2063 258 2329 319 'invulneral

279 315 390 362 bili:
425 316 477 363 in
502 317 636 366 tertia
665 317 719 365 de
745 320 962 366 miraculo
991 333 1154 364 aeuum
1185 317 1235 364 in
1262 316 1474 364 cadavere
1494 332 1790 380 repertarum.

409 418 586 480 EJIJSD,
620 422 792 480 Europa
816 417 1021 464 medicina
1047 435 1074 464 a
1087 416 1343 480 sapientibus
1375 418 1584 480 illustrata
1624 420 1745 467 Brix.
1767 432 1904 479 1747.
1941 418 2054 468 fola*
2117 423 2331 485 Epistolae
2390 468 2397 487 ,

279 479 389 533 sunt
412 499 436 529 a
457 484 590 530 variis
615 499 669 529 ex
691 480 898 528 universa
925 482 1107 542 Europa
1131 482 1317 528 medicis
1337 482 1504 537 miss'ae,
1543 485 1593 530 in
1620 485 1788 545 quibus
1816 484 2026 544 equidem
2052 487 2333 546 potiffimum

280 545 421 593 status
461 548 694 594 medicinae
737 549 778 592 &
814 546 1082 593 morborum
1114 547 1403 600 continetur,
1451 559 1604 609 tamen
1633 546 1790 609 paffim
1821 550 1973 608 aliqua
2005 549 2098 597 huc
2120 548 2332 607 faciunt,

280 623 335 657 ut
355 610 407 657 de
436 623 664 658 anatomes
686 611 736 657 in
763 612 1000 658 nonnullis
1031 610 1290 659 civitatibus
1316 612 1459 658 cuitu,
1527 614 1751 660 Anatome
1772 613 1950 660 Veneta
1979 630 2004 660 a
2024 613 2212 669 medicis
2241 618 2335 666 col..

283 675 457 737 legiatis
482 688 726 722 exercetur.
1968 678 1971 680 ’

416 772 620 834 Christian
643 772 839 821 Wilhelm
859 774 1109 822 KAESTNER
1131 773 1438 834 medicinzsches
1469 773 1723 824 Gelehrten-
1741 780 1921 825 Lexicon
1953 777 2081 839 Jenae
2103 789 2238 837 1740.
2254 777 2339 839 4*

283 840 413 948 §sistas
427 837 574 947 fhabet
598 838 904 910 medicorum:
940 839 1091 900 aliqua
1119 840 1255 887 etiam
1285 840 1339 886 de
1361 840 1505 888 libris.
1575 840 1794 888 Literaria
1818 843 2001 903 potius,
2037 858 2171 903 quam
2194 843 2250 890 ad
2269 860 2341 892 res

282 920 327 963 ip
352 919 396 949 as
447 913 662 961 amentia„

376 1041 381 1043 Α
412 1002 534 1062 Ejus
567 1000 696 1049 breve
721 1001 1011 1063 compendium
1037 1000 1211 1066 hzstoriae
1239 1003 1404 1051 medica
1433 1007 1544 1050 artis
1571 1003 1741 1065 prodiit
1780 1005 1902 1052 Hall.
1925 1012 2059 1066 1748.
2091 1005 2197 1062 8.*,
2237 1025 2341 1056 cum

285 1067 423 1114 titulo
454 1070 629 1115 Kurzer
651 1066 820 1128 Begriff
838 1066 915 1113 der
945 1067 1261 1128 medicinischen
1290 1066 1579 1122 Gelahrtheit,
1627 1071 1668 1115 &
1701 1071 1893 1130 amplior
1923 1071 2157 1131 aliquanto
2186 1073 2343 1121 Biblio-

286 1129 406 1179 theca
434 1130 584 1176 medici
615 1131 717 1192 Jen.
743 1137 877 1189 1746.
904 1131 998 1185 8.*,
1034 1149 1123 1193 qua
1152 1134 1288 1180 etiam
1312 1147 1544 1180 anatomes
1564 1132 1752 1180 historia
1772 1135 2051 1182 continetur.

413 1216 511 1267 Jac.
537 1213 709 1261 SM1TH
729 1213 1013 1278 praeleffliones
1024 1213 1220 1277 phyfico-
1236 1215 1399 1262 medica
1426 1217 1780 1278 institutionzsticae
1812 1216 1938 1279 Prag.
1961 1229 2093 1277 1740.
2115 1230 2164 1278 4.

725 1360 771 1420 ὃ.
807 1363 860 1412 Μ
873 1363 923 1411 Χ
936 1363 1092 1412 VIII.
1199 1364 1421 1424 Benjamin
1451 1363 1721 1412 HOADLEY.
1789 1364 1899 1414 Alii.

414 1479 464 1525 Β.
489 1479 771 1533 HOADLEY,
808 1479 1025 1541 elegantis
1041 1479 1216 1541 ingenii
1233 1481 1305 1528 vir
1322 1516 1334 1535 ,
1370 1487 1506 1542 poeta
1531 1481 1667 1528 eti-am
1685 1479 1886 1528 comicus
1903 1515 1916 1536 ,
1951 1482 2161 1531 Medicus
2174 1484 2357 1534 Londi-1.

289 1540 463 1597 nenfis,
500 1543 683 1589 celebris
712 1542 922 1605 Episcopi
951 1543 1090 1592 filius.
1161 1546 1281 1606 EJUS
1311 1544 1430 1593 three
1457 1545 1634 1592 left'ures
1661 1562 1714 1591 on
1737 1543 1807 1592 the
1835 1563 1990 1607 organs
2017 1549 2072 1608 of
2088 1548 2344 1610 respiration

288 1607 559 1668 prodierunt
588 1608 788 1656 Londini
823 1621 959 1666 1740.
991 1610 1071 1667 4*
1118 1626 1221 1656 cum
1253 1612 1468 1670 praeleffitae
1496 1608 1679 1656 fuissent
1710 1627 1747 1656 a.
1784 1621 1919 1668 1737.
1958 1612 2008 1657 in
2034 1613 2090 1659 R.
2118 1614 2341 1675 collegio.

288 1673 462 1731 Magno
492 1672 679 1733 ingenio
721 1672 990 1720 deteriorem
1022 1672 1197 1720 causam
1230 1673 1446 1727 defendit.
1515 1678 1676 1720 Aerem
1708 1676 1758 1721 in
1787 1674 2001 1722 omnibus
2029 1674 2221 1723 humani
2247 1694 2348 1725 cor-

289 1737 412 1796 poris
436 1737 582 1783 caveis
609 1738 825 1797 reperiri:
860 1735 920 1783 fic
941 1737 991 1783 in
1013 1740 1220 1798 pediore,
1257 1755 1282 1785 a
1313 1740 1444 1799 cujus
1477 1739 1591 1784 aeris
1625 1740 1797 1784 alterna
1822 1739 2146 1799 compreffione
2173 1744 2215 1788 &
2235 1744 2347 1789 rela-

290 1802 475 1846 xatione
501 1803 619 1847 vires
640 1799 947 1861 respirationis
974 1802 1226 1862 explicavit.
1294 1801 1566 1850 Machinula
1589 1803 1726 1849 etiam
1753 1800 1883 1850 suam
1908 1801 2181 1853 sententiam
2203 1805 2347 1854 decla.-

293 1865 440 1918 1avit,
475 1866 516 1911 ὅς
541 1867 846 1926 experimenta
878 1866 928 1913 in
953 1867 1070 1913 vivis
1099 1867 1371 1914 animalibus
1397 1865 1520 1914 fecit.

422 1953 499 2013 EJ,
537 1956 686 2002 Oratio
710 1955 1013 2014 a7771ive7saria
1041 1956 1271 2017 HARVEJI
1306 1956 1453 2003 Lond.
1476 1966 1612 2015 1742.
1638 1968 1686 2015 4.

429 2039 620 2082 Gaetano
641 2037 915 2090 PfTRIOLI,
947 2037 1134 2091 medici,
1172 2049 1226 2084 ut
1250 2036 1294 2084 sc
1320 2050 1480 2091 vocat,
1515 2037 1748 2092 Romani,
1782 2035 1857 2084 sed
1889 2038 2080 2086 omnino
2110 2037 2310 2102 chirurgi
2328 2061 2345 2094 3

292 2098 524 2163 Rifleſjz‘oni
552 2100 816 2147 anatomiche
839 2102 948 2161 sulle
983 2114 1082 2148 note
1104 2101 1173 2148 del
1196 2106 1237 2150 S.
1269 2106 1319 2150 G.
1350 2107 1507 2149 Maria
1534 2103 1742 2149 LANCISI
1764 2103 1886 2164 fatte
1900 2102 2034 2164 fhpra
2063 2105 2102 2150 le
2126 2105 2270 2151 tavole
2299 2105 2348 2152 di

291 2165 342 2211 B.
362 2164 660 2211 EUSTACHIO
694 2166 828 2211 Rom.
850 2178 984 2224 1740.
1009 2165 1125 2218 foL*
1171 2165 1401 2229 Rifleffi'oni
1422 2171 1623 2228 aggiunte
1646 2168 1688 2212 ἃ
1715 2166 1922 2225 omiffi'oni
1942 2167 2017 2227 EJ,
2041 2167 2150 2215 ibid.
2220 2170 2349 2217 LAN-

296 2241 477 2276 CISIUM
502 2228 611 2274 olim
637 2226 715 2274 sua
737 2245 871 2288 opera
896 2229 1029 2276 usum
1049 2231 1215 2290 carpit,
1254 2247 1349 2276 non
1369 2231 1473 2277 ideo
1501 2231 1631 2277 oneri
1657 2247 1763 2291 par,
1800 2231 1923 2291 quod
1957 2229 2231 2292 susceperat,
2268 2250 2347 2280 ne.

294 2307 382 2351 que
401 2292 756 2338 anatomiearum
776 2293 1038 2340 divitiarum
1053 2296 1331 2341 EUSTACHII
1351 2296 1515 2356 dignus
1533 2296 1752 2354 interpres
1771 2312 1783 2340 t
1818 2295 1935 2342 vidit
1957 2295 2009 2342 in
2027 2297 2346 2353 EUSTACHIO,

295 2357 493 2417 quai-vir
516 2356 614 2402 ILL.
641 2372 737 2402 non
764 2357 962 2411 dixerat,
999 2374 1096 2404 non
1122 2359 1260 2412 vidit,
1301 2375 1401 2419 quae
1427 2375 1532 2406 vere
1555 2359 1834 2418 depinxerat.

426 2438 501 2500 EJ.
547 2435 715 2484 Tabulae
738 2444 981 2486 anatomicae
1010 2458 1036 2487 a
1067 2444 1197 2487 Petro
1221 2436 1566 2505 BERRETTmo
1600 2438 1873 2488 Cortonenfi
1909 2440 2125 2490 delineata
2158 2461 2184 2490 a
2210 2445 2264 2492 G.
2293 2444 2344 2490 P.

294 2502 401 2549 notis
436 2503 646 2562 illustrata:
691 2501 824 2549 Rom.
862 2515 995 2561 1741.
1022 2502 1136 2550 fol.*
1203 2505 1274 2551 De
1306 2505 1402 2566 ipso
1434 2521 1568 2567 opere
1604 2504 1802 2552 diximus
1830 2522 1875 2567 p.
1905 2517 2009 2565 340.
2073 2507 2247 2555 Literas
2269 2506 2375 2558 ad-‚

296 2567 401 2628 jecit
433 2567 921 2626 &interpretationem
950 2568 1265 2628 GAJETANUS.

427 2648 501 2708 EJ.
539 2646 677 2693 Dubii
693 2649 941 2694 Anatomici
965 2653 1080 2694 circa
1106 2650 1143 2694 le
1176 2649 1393 2713 riflffoni
1422 2655 1622 2713 aggiunte
1651 2651 1709 2698 da
1729 2656 1800 2700 M.
1829 2652 2111 2700 WINSLOW
2138 2651 2216 2698 alle
2248 2664 2348 2701 note

295 2712 354 2758 Aa
378 2712 584 2759 LANOESI
599 2712 730 2774 sopra
749 2712 794 2759 la
816 2711 967 2759 tavola
994 2713 1150 2760 XXV.
1173 2715 1255 2760 dell
1273 2716 1569 2764 EUSTACfflO
1607 2718 1786 2764 Genov.
1822 2719 1888 2774 4⁰.

424 2796 498 2856 EJ.
545 2799 603 2841 Le
629 2805 718 2841 otto
732 2794 904 2856 stadere
939 2793 1009 2842 che
1039 2794 1316 2856 ponderanno
1341 2798 1405 2858 gli
1432 2797 1602 2859 abhagli
1633 2798 1703 2844 del
1724 2798 2028 2844 CHERMESIO
2064 2796 2111 2844 di
2140 2799 2344 2850 FULCET

292 2857 407 2920 prefi
425 2861 530 2905 nella
557 2859 732 2920 rzsposta
755 2857 826 2906 che
838 2900 840 2902 ,
843 2859 938 2921 fece
962 2876 988 2905 a
1013 2859 1131 2905 dubii
1154 2860 1375 2918 dottiffi'mi
1394 2861 1465 2907 del
1486 2865 1526 2908 S.
1557 2865 1606 2909 G.
1632 2863 1878 2908 PETRIOLI
1914 2861 1957 2905 V
1961 2877 2083 2909 enez.
2109 2871 2241 2923 1746.
2262 2862 2347 2923 4.*

298 2924 584 2971 marmores
610 2921 844 2983 scripserat
868 2923 988 2970 dubii
1015 2928 1244 2970 anatomici
1268 2936 1425 2970 contra
1442 2926 1807 2973 Wmsrowum
1825 2958 1836 2978 ,
1875 2925 2004 2984 cujus
2034 2927 2202 2988 viginti
2227 2945 2347 2975 erro..

298 2999 369 3034 res
399 2984 549 3034 noster
573 2987 816 3041 indicabat.
900 2985 1211 3053 Responderat
1240 2988 1292 3039 in
1322 2987 1496 3053 risposta
1531 2989 1602 3041 alli
1635 2990 1757 3040 dubii
1787 2994 2015 3042 anatomici
2051 2991 2122 3042 del
2159 2992 2349 3106 Οεῖᾔιὶο

2258 3073 2305 3105 ea
2324 3074 2346 3107 e
