2531 3394
287 97 378 171 534
682 109 814 157 ιιΒ.
865 109 956 156 1x.
1022 104 1458 155 ANATo-Mes*
1481 104 1922 172 PERFEc‘rlo.

412 209 590 253 Lettera
616 204 688 253 del
709 209 752 255 S.
789 210 978 255 Gaetano
996 207 1170 258 Rosm,
1205 203 1407 265 perinde.

412 291 588 336 Lettera
609 287 655 335 di
682 288 881 352 Giuseppe
901 290 1160 337 Bam-ossi.
1225 287 1283 334 In
1317 284 1406 333 fele
1440 285 1599 333 duram
1624 265 1884 348 meningem
1918 298 2049 336 extus
2077 285 2335 340 insenfilem

285 349 411 400 fuiss'e
430 387 444 406 ‚
479 368 577 399 non
599 355 743 400 intus.
809 353 927 399 Vide
953 368 995 412 p.
1018 362 1126 410 521,

413 438 631 485 Eccezioni
658 446 807 482 contro
833 434 877 480 la
897 433 1050 479 lettera
1076 431 1145 478 del
1178 434 1228 480 G.
1256 434 1303 478 Β.
1324 432 1535 485 VERNA,
1572 447 1710 492 quam
1730 431 1947 480 dicemus.
2014 434 2335 495 Experimenta

283 497 374 545 viri
397 497 591 553 refutat,
627 499 749 559 quod
773 496 1007 544 communi
1029 493 1267 542 sententiae
1285 493 1586 558 refragentur.

417 579 601 627 FABBRI
628 577 882 625 excusatio,
916 593 996 623 cur
1020 592 1185 623 nervos
1210 577 1334 622 durae
1353 577 1582 638 meningis
1608 577 1782 638 petenti
1797 577 2049 629 CALDANQ
2066 594 2162 624 non
2190 577 2336 626 osten·

287 641 417 691 derit.
484 643 701 691 Ablatum
723 639 849 688 fuiffe
867 653 1003 701 caput
1025 640 1188 686 vituli:
1225 638 1346 699 quafi
1364 638 1548 688 difficile
1571 639 1706 695 foret,
1732 640 1959 701 ejusmodi
1975 654 2110 702 caput
2129 643 2338 702 reperire.

415 725 573 773 Tertia
593 722 777 784 epistola
793 723 1032 775 Bumem,
1059 722 1101 768 Sc
1121 721 1254 767 tertia
1272 721 1572 775 VANDELm,
1600 720 1676 768 hic
1698 715 1894 769 redeunt
1922 724 1964 769 &
1985 722 2024 769 le
2043 723 2194 770 CAT11
2219 723 2337 770 duae.

416 805 558 852 Porro
582 806 771 851 Antonio
799 803 1032 852 AR1GON1
1063 803 1144 856 dell
1154 804 1165 824 ’
1197 802 1455 849 irritabilitzi
1479 820 1499 848 e
1513 801 1752 860 sensatione
1785 802 1887 849 delle
1912 809 2036 864 parti
2069 804 2137 850 dei
2155 807 2337 852 viventi.

286 866 491 919 Modeste
514 866 684 929 scripsit
701 886 715 920 3
750 866 1119 935 ¹deirritabilitate
1137 866 1331 920 dubitat,
1357 882 1456 927 quae
1471 878 1644 913 remota
1660 864 1875 913 facultate
1897 867 2122 914 sentiendi
2133 866 2338 928 superfit.

414 952 488 1012 EJ.
524 948 830 1008 Jafimecanica
857 965 880 995 ο
898 959 1088 996 trattato
1106 946 1153 994 di
1165 947 1326 994 remedi
1339 948 1752 995 naturalimecanici
1785 948 1901 995 Lodi
1922 962 2057 1008 1775.
2079 956 2120 1004 8.
2145 947 2339 999 2.Vol.*

285 1017 357 1063 De
390 1014 527 1061 modo
555 1029 647 1074 quo
669 1024 821 1060 motus
849 1010 1082 1073 sanguinis
1110 1029 1134 1058 a
1163 1010 1474 1058 musculorum
1495 1024 1628 1058 motu
1656 1013 1941 1058 acceleratur.
2014 1015 2170 1060 Omne
2193 1030 2338 1075 genus

286 1078 654 1129 exercitationis,
703 1076 837 1123 etiam
869 1076 1150 1123 declamatio.
1217 1077 1290 1121 De
1324 1088 1457 1123 motu
1495 1073 1810 1123 musculorum
1845 1077 1897 1123 in
1935 1075 2232 1131 universum3
2282 1078 2336 1124 de

283 1144 384 1191 viro
410 1142 491 1202 qui
517 1140 824 1202 noningentas
854 1140 989 1187 libras
1022 1139 1273 1201 gestaverit.

411 1224 499 1271 Pro
530 1222 662 1269 nobis
687 1221 761 1269 hic
787 1222 992 1270 me,
1029 1223 1235 1269 OEDEM
1263 1223 1304 1268 &
1333 1221 1524 1269 VERNAE
1553 1219 1780 1281 opuscula.
1848 1222 2172 1283 Experimenta
2191 1222 2340 1278 nostra

285 1285 511 1349 nusquam
536 1288 737 1347 integra,
771 1285 846 1332 sed
867 1297 1100 1346 utcunque
1129 1298 1337 1345 excerpta
1366 1283 1440 1330 hic
1461 1285 1759 1332 recuduntur.

413 1370 519 1416 Huc
539 1384 647 1415 vero
676 1366 784 1415 facit
804 1369 995 1414 omnino
1018 1371 1199 1415 Horatii
1219 1370 1377 1413 Μανία
1397 1366 1596 1413 PAGANI
1618 1379 1677 1413 tr.
1704 1367 1806 1413 delle
1822 1378 1953 1429 parte
1970 1367 2193 1426 insensibili
2213 1368 2268 1415 ed
2281 1372 2340 1414 ir-

285 1432 458 1482 ritabili
485 1432 585 1478 delli
611 1433 791 1478 animali
832 1432 1003 1478 Venez.
1029 1443 1164 1489 1757.
1192 1438 1232 1484 8.
1279 1428 1353 1476 hic
1378 1428 1519 1476 recus.
1552 1446 1655 1477 cum
1685 1432 1822 1477 titulo
1852 1432 1911 1477 H.
1938 1432 2005 1477 M.
2031 1431 2254 1486 PAGANJ,
2298 1434 2342 1479 &

292 1497 455 1546 Camilli
475 1497 695 1544 BONIOLI
724 1494 902 1555 distorso
928 1499 1083 1542 teorico
1104 1499 1273 1556 pratico
1297 1494 1397 1540 delle
1410 1506 1543 1555 parte
1567 1494 1793 1553 insenfibili
1815 1495 1867 1540 ed
1885 1494 2102 1541 irritabili
2119 1495 2230 1557 degli
2248 1499 2344 1541 ani-

287 1561 419 1613 mali,
473 1575 574 1621 quae
603 1559 757 1619 magni
782 1559 1006 1605 momenti
1032 1558 1277 1619 disputatio
1303 1557 1378 1604 hic
1404 1557 1460 1604 ab
1492 1559 1662 1604 editore
1692 1558 1902 1617 perinde,
1940 1571 2000 1604 ut
2029 1558 2208 1613 nostra,
2244 1557 2341 1620 pas-

288 1623 375 1672 fim
405 1635 646 1671 truncatur
681 1625 724 1669 &
758 1622 809 1669 in
845 1621 1007 1683 asperis
1041 1623 1212 1669 notulis
1239 1620 1473 1668 refellitur.
1556 1623 1666 1668 Duo
1692 1623 1761 1669 Cl.
1795 1622 1917 1675 viri,
1964 1622 2165 1669 medicus
2193 1624 2336 1677 alter,

287 1690 398 1735 alter
428 1687 691 1747 chirurgus,
737 1702 813 1747 per
856 1688 1015 1733 titulos
1044 1688 1349 1746 experimenta
1376 1683 1648 1732 describunt.
1740 1685 1972 1732 Tendines
2005 1702 2151 1732 carere
2189 1688 2341 1734 nervis

288 1753 496 1814 propriis.
569 1751 625 1797 In
664 1750 882 1803 canibus,
927 1762 982 1796 ut
1019 1766 1129 1802 nos,
1173 1750 1406 1795 tendinem
1431 1748 1619 1795 Achillis
1646 1750 1935 1802 inciderunt,
1983 1748 2148 1809 absque
2184 1748 2340 1797 sensus

270 1814 442 1876 figno,
490 1813 565 1861 sed
601 1816 643 1861 ἃ
676 1814 728 1859 in
762 1811 974 1866 homine,
1022 1815 1064 1860 &
1097 1812 1282 1873 quidem
1315 1814 1366 1859 in
1389 1812 1658 1859 tendinibus
1693 1814 1877 1860 nudatis
1898 1847 1910 1866 ‚
1949 1824 2048 1859 tum
2075 1814 2126 1859 in
2153 1814 2336 1860 Comite

286 1878 464 1926 VOLPE
487 1879 756 1928 VOLSELLI.
823 1876 993 1923 Eadem
1016 1878 1066 1922 in
1087 1875 1351 1936 aponevrofi
1374 1875 1687 1923 musculorum
1720 1877 1977 1923 abdominis
2005 1877 2246 1930 viderunt,
2297 1879 2341 1924 &

287 1940 552 2002 incapsulis
573 1942 867 1987 articulorum
885 1974 898 1994 ,
935 1941 1074 2000 inque
1104 1940 1351 2000 periosteo,
1388 1942 1430 1986 &
1456 1940 1506 1985 in
1528 1940 1642 1986 dura
1661 1953 1814 1987 matre.
1884 1941 2234 1988 VANDELLIUM
2261 1941 2340 1987 do-

287 2006 431 2052 lorem
460 2002 703 2065 expreffiffe
727 2003 884 2051 adfuso
921 2004 1097 2051 vitrioli
1130 2005 1246 2050 oleo.
1340 2003 1594 2050 Medullam
1625 2002 1787 2052 offium
1816 2020 1914 2051 non
1949 2002 2141 2058 sentire,
2190 2021 2338 2066 neque

252 2122 255 2123 ⁷
288 2070 492 2131 pleuram
527 2080 608 2115 aut
635 2068 950 2127 peritonaeurn.

417 2148 528 2196 Vim
569 2150 878 2196 contradiilem
915 2150 1084 2196 lentam
1120 2148 1272 2195 locum
1313 2147 1478 2195 habere
1507 2148 1557 2196 in
1587 2148 1792 2203 arteriis,
1835 2149 1990 2197 venis,
2027 2147 2238 2196 duciibus
2263 2165 2339 2195 ex-

292 2213 524 2264 cretoriis‚
557 2212 725 2258 bilariis
753 2215 795 2259 &
828 2213 1097 2259 ureteribus.
1168 2213 1330 2259 Cordis
1354 2212 1676 2265 constantiam,
1711 2213 1846 2259 etiam
1886 2212 2078 2266 diffedki,
2130 2215 2181 2258 in
2215 2213 2340 2260 ranis

291 2276 435 2324 nostri
461 2275 677 2322 viderunt
697 2309 711 2329 ,
750 2278 790 2322 &
822 2276 1032 2322 intestina
1067 2275 1218 2323 evulsa
1243 2277 1377 2322 etiam
1408 2276 1607 2323 vividius
1633 2274 1676 2322 se
1699 2287 2016 2336 contorquere.
2085 2276 2342 2323 Contracti-

292 2342 382 2388 lem
406 2340 498 2386 vim
526 2338 806 2385 diffed'corum
835 2339 1152 2385 intestinorum
1182 2341 1224 2386 &
1252 2340 1554 2399 reptationem
1576 2338 1794 2386 viderunt
1829 2339 1968 2387 iidem
2007 2342 2049 2387 &
2084 2337 2343 2386 convulsio-

290 2419 370 2451 nes
398 2405 448 2450 in
472 2400 684 2449 musculis
714 2402 970 2449 excitarunt
990 2436 1004 2456 ,
1041 2402 1253 2450 ambustis
1275 2404 1376 2449 oleo
1400 2402 1571 2450 vitrioli
1592 2403 1744 2450 nervis
1759 2437 1772 2456 ‚
1806 2404 1890 2449 &c.

421 2485 477 2531 In
509 2486 660 2531 Comm.
691 2487 846 2531 Bonon.
869 2485 925 2530 T.
942 2485 999 2529 V.
1030 2485 1078 2530 P.
1099 2486 1158 2532 Il.
1189 2485 1427 2532 PAGANUS
1456 2484 1548 2547 egit
1566 2484 1619 2532 de
1637 2481 1760 2538 fetu,
1794 2484 1868 2532 cui
1888 2482 2042 2532 deerat
2064 2500 2168 2546 pars
2197 2482 2339 2540 cranii

288 2545 490 2610 superior
507 2566 524 2601 3
568 2560 669 2595 tum
696 2547 750 2594 de
778 2545 905 2608 spina
933 2545 1088 2596 bifida.

697 2680 736 2730 §-
775 2671 1096 2724 MCLXIV.
1189 2679 1458 2728 ADANSON.
1524 2680 1719 2727 HALLr..
1782 2677 1960 2724 VAmr.

421 2775 668 2823 ADANSON
684 2771 848 2834 histoire
859 2771 1063 2819 natureHe
1085 2770 1144 2816 du
1156 2774 1330 2833 Se'ne'gal
1341 2793 1358 2818 .·
1375 2774 1447 2820 des
1460 2775 1706 2836 coquillages
1722 2773 1817 2829 &a
1857 2771 1975 2818 Paris
2003 2781 2137 2829 1757.
2162 2767 2243 2829 4*
2278 2770 2336 2818 In

290 2837 431 2898 priori
447 2852 582 2899 parte,
602 2854 688 2898 qua
702 2837 877 2885 itineris
890 2835 1075 2882 historia
1090 2836 1367 2889 continetur,
1384 2840 1454 2884 vir
1470 2839 1535 2884 Cl.
1551 2839 1673 2884 varia
1688 2834 1894 2882 inmiscet
1909 2834 2047 2880 nostri
2066 2833 2200 2894 scopi.
2236 2833 2336 2894 Ipse

292 2899 401 2948 ficca
426 2901 708 2960 tempestate,
745 2898 973 2947 ficciffimo
1002 2900 1124 2945 Euro
1148 2899 1299 2952 flante,
1339 2899 1603 2961 sanguinem
1635 2899 1827 2947 sudavit.
1910 2898 2073 2945 Puellae
2114 2899 2168 2944 ad
2202 2900 2337 2946 Sene-

293 2964 464 3027 gamfl.
490 2968 649 3015 octavo
672 2980 794 3014 anno
819 2962 1102 3028 pubescunt,
1137 2963 1509 3027 quinquagesimo
1534 2963 1762 3026 AEthiopes
1789 2958 2049 3019 senescunt,
2087 2978 2235 3025 neque
2268 2959 2332 3006 se-

2200 3039 2334 3088 3³83}
