2531 3394
668 106 802 169 erza.
854 122 942 167 lx.
1013 83 1432 165 ANATOMES
1481 77 1933 161 PERFseTlo.

286 132 372 178 51Ξὺ

414 254 568 303 Porro
597 243 817 313 sigillatim
845 251 1133 301 Barros-nra
1173 247 1214 292 &
1244 246 1509 305 eloquenter
1541 243 1595 290 de
1628 240 1783 304 13111113.ἶ
1838 236 1982 306 Patris
2013 246 2168 303 partes
2192 235 2338 352 ina‘fo-
2419 274 2437 281 α

280 331 352 365 xis
387 329 517 379 putat
549 315 644 363 ell'e.
712 317 953 362 Anatome
978 313 1074 371 ejus
1100 310 1307 356 animalis
1330 326 1356 356 a
1377 309 1782 356 D’AUBENTONIO
1802 304 1943 353 incisi.
2027 306 2136 368 Ejus
2158 299 2264 367 'amp
2283 303 2340 352 if-

283 382 392 429 }Ema
416 381 630 429 intestina
648 415 660 435 ,
691 394 856 426 caecum
881 374 1178 427 laxiffimum‘³
1216 375 1342 420 nulla
1376 370 1570 419 vesicula
1603 369 1731 419 fellis.
1800 370 1983 431 Papillae
2005 369 2055 416 in
2081 370 2302 432 praeputio
2323 402 2337 423 ‚

288 447 566 493 ventriculus
593 460 782 506 parvus,
813 455 995 487 vomere
1021 437 1212 485 nescius.
1255 464 1259 474 ι
1284 437 1599 497 Hippomanes
1619 434 1681 482 est
1702 432 2004 481 sedimentum
2025 435 2171 482 urinae
2198 433 2334 494 fetus.

281 511 458 557 {Inicus
492 526 609 570 equo
630 508 814 567 digitus.
884 502 997 549 Dari
1018 519 1160 562 equos
1185 518 1288 548 cum
1317 500 1499 547 duobus
1530 499 1743 546 dentibus
1770 497 2031 556 accessoriis.
2091 499 2163 546 Sic
2187 496 2338 545 asinus

283 575 577 622 aBueFomo
598 572 778 632 quidem
798 565 991 629 physice,
1016 583 1040 613 a
1054 569 1460 613 D’AUBENTomo
1476 565 1727 611 anatomice
1748 560 2010 623 descriptus,
2043 561 2339 620 cum'dim'en-

281 637 510 690 lienibus,
548 635 719 683 sceleris
753 635 794 679 Sc
831 628 1051 677 viscerum
1080 628 1358 690 potiffimum
1385 629 1536 689 aliqua
1566 628 1763 674 historia.
1833 627 1973 673 Porro
2005 625 2090 672 bos
2110 640 2126 679 ',
2161 627 2212 683 in
2239 639 2338 686 -quo
2388 628 2397 637 ⁹

284 704 353 748 (tl.
373 700 722 748 D’A'nssrsms
750 695 1034 743 ventriculos
1060 706 1264 741 accurate
1293 691 1525 746 describit,
1559 695 1601 739 &
1632 691 1941 739 ventriculum
1969 686 2233 736 secundum
2256 696 2338 750 pro

285 779 408 826 parte
428 766 559 825 primi
585 762 733 807 haber.
801 760 957 806 Tauro
982 772 1181 819 quatuor
1210 770 1263 804 ut
1296 773 1438 804 vaccae
1472 755 1577 803 sunt
1607 756 1797 817 papillae.
1866 755 2177 815 Hippomanes
2209 754 2259 799 in
2285 753 2337 799 li-

284 846 425 889 quore
455 825 733 874 allantoideae
755 840 898 870 vaccae
917 842 931 876 3
966 839 1017 869 ea
1039 824 1100 870 est
1125 824 1263 869 altera
1285 820 1407 883 quasi
1429 820 1574 868 chorii
1602 821 1783 868 lamina.
1856 819 2011 866 Fibras
2035 833 2261 864 cornuum
2285 832 2340 863 ex
2378 840 2386 841 ’

282 892 500 952 penostco
523 889 717 950 prodire.

409 974 461 1020 T.
479 973 536 1017 V.
580 971 703 1024 ovis,
744 985 906 1030 capra,
948 984 1142 1029 porcus,
1186 968 1321 1014 canis.
1391 965 1532 1012 Varia
1568 964 1621 1011 de
1660 966 1759 1012 ovis
1793 963 1977 1011 historia
2003 963 2234 1016 naturali3
2282 961 2338 1025 de

282 1037 511 1085 vermibus
541 1034 773 1095 hepaticis.
842 1036 1068 1080 Anatome
1091 1034 1130 1078 &
1156 1032 1356 1092 pondera
1378 1030 1562 1076 cerebri.
1632 1030 1776 1089 Capra
1803 1034 2043 1088 Ancyrana
2067 1025 2272 1089 promissa
2298 1027 2341 1073 &

279 1100 440 1147 ‘sericea
456 1101 568 1145 lana.
614 1098 775 1146 Uberis
789 1113 930 1157 caprae
943 1113 1088 1144 caveae
1102 1097 1267 1142 lacteae.
1306 1097 1439 1142 Suem
1453 1095 1614 1155 utique
1627 1106 1824 1154 quatuor
1838 1092 2000 1140 habere
2016 1092 2197 1154 digitos.
2266 1091 2343 1138 Al-

280 1163 519 1211 }antoideae
542 1163 710 1220 tunicae
737 1162 944 1223 exiguam
965 1173 1137 1221 partem
1159 1177 1182 1206 a
1207 1161 1320 1208 lotio
1341 1159 1516 1218 repleri.
1584 1158 1857 1204 Membrana
1880 1157 2064 1218 propria
2078 1154 2196 1202 fctus
2221 1154 2334 1215 apri.

280 1228 394 1275 Dari
422 1239 568 1288 partes
589 1227 802 1278 inutiles,
839 1239 893 1271 ut
918 1226 1082 1285 digitos
1109 1226 1308 1270 laterales
1332 1221 1423 1268 suis
1460 1229 1590 1279 (non
1621 1222 1833 1275 inutiles,
1866 1221 1947 1281 qui
1982 1218 2210 1267 musculos
2238 1234 2339 1279 pro-

284 1290 486 1344 ducant)
503 1327 513 1337 .
582 1291 652 1336 De
685 1305 794 1335 cane
815 1287 1058 1335 fufiffime:
1093 1289 1224 1348 cujus
1243 1288 1450 1333 animalis
1467 1287 1691 1347 integram
1717 1286 2025 1346 genealogiam
2054 1286 2339 1331 BUFFONIUS

284 1357 382 1408 dat,
424 1355 472 1401 in
498 1371 586 1415 qua
611 1354 774 1414 gradus
806 1365 952 1400 tentat
977 1351 1205 1412 adsignare
1224 1385 1236 1405 ,
1271 1368 1347 1412 per
1369 1367 1484 1411 quos
1510 1350 1730 1410 paulatim
1753 1351 1874 1396 canis
1904 1348 2201 1410 primigenius
2227 1345 2271 1393 se
2289 1347 2340 1394 in

283 1431 455 1466 tantam
484 1421 746 1466 varietatem
771 1433 933 1463 canum
957 1413 1205 1462 diffuderit.
1292 1417 1358 1463 Ut
1380 1431 1511 1461 canes
1538 1415 1588 1461 in
1620 1414 1801 1460 Guinea
1832 1424 2071 1460 mutentur
2109 1414 2151 1468 &
2177 1411 2339 1459 obmu-

282 1482 464 1530 tescant.
535 1484 681 1528 Canes
724 1498 827 1527 cum
865 1480 1082 1540 vulpibus
1121 1483 1163 1526 &
1200 1480 1317 1539 lupis
1354 1478 1396 1525 se
1423 1496 1519 1525 non
1556 1476 1752 1524 miscere.
1823 1476 2071 1524 Cerebrum
2103 1476 2335 1537 exiguum.

282 1547 485 1594 ”Uberum
510 1562 729 1592 numerus
752 1546 967 1592 incertus.
1036 1545 1214 1591 Anulus
1245 1543 1453 1591 tumidus
1482 1543 1657 1605 vaginae
1692 1542 1851 1589 catulae
1873 1575 1886 1595 ,
1924 1541 2003 1602 qui
2039 1555 2204 1602 penem
2234 1540 2342 1586 reti-

282 1623 376 1659 net.
447 1611 669 1656 Dentium
695 1626 912 1656 numerus
935 1610 1148 1655 incertus.

409 1694 465 1739 T.
499 1693 581 1739 VI.
632 1690 768 1738 Paris.
805 1697 938 1749 1756.
972 1689 1053 1749 4*
1119 1691 1361 1736 Femellam
1410 1688 1540 1735 felem
1585 1704 1751 1735 marem
1794 1703 1981 1748 cogere,
2022 1697 2076 1733 ut
2113 1684 2194 1732 sibi
2235 1683 2340 1732 satis

279 1754 427 1803 faciat.
513 1757 755 1816 fulgorem
799 1756 1038 1801 oculorum
1082 1754 1161 1800 effe
1206 1756 1351 1800 lucem
1391 1754 1600 1800 diurnam
1627 1786 1640 1805 ‚
1695 1768 1828 1812 quam
1877 1752 1998 1797 oculi
2041 1751 2337 1797 imbiberunt.

281 1825 424 1867 Aures
453 1820 670 1880 pendulas
700 1817 875 1880 signum
901 1817 981 1864 effe
1007 1818 1191 1864 vetustae
1215 1816 1459 1864 servitutis.
1528 1817 1681 1875 Hepar
1705 1816 1912 1861 omniurn
1934 1816 2197 1860 animalium
2222 1812 2338 1860 fero-

280 1901 385 1931 rum
418 1900 552 1945 quarn
589 1885 794 1930 cicurum
816 1883 968 1928 minus
993 1881 1088 1928 effe.
1157 1882 1272 1928 felis
1307 1883 1448 1941 capite
1478 1878 1770 1940 semiduplici.
1828 1878 2033 1927 Monstra
2059 1876 2208 1925 fclina.
2265 1877 2337 1924 De

283 1965 415 1994 cervo
442 1945 800 2009 eloquentiffime
828 1944 1145 1999 BUFFONJUS‚
1182 1947 1248 1991 rei
1274 1944 1545 1997 venatoriae,
1582 1955 1636 1990 ut
1669 1943 1880 1997 videtur,
1921 1942 2107 2002 peritus,
2175 1940 2337 1989 AEstate

281 2029 464 2059 cervum
488 2010 791 2073 pinguescere,
831 2012 873 2056 &
893 2012 1106 2072 jugulum
1127 2007 1492 2061 eiintumescere‚
1528 2024 1623 2061 non
1644 2008 1705 2054 ita
1725 2008 1946 2066 capreolo.
2018 2007 2203 2052 Cornua
2223 2022 2247 2051 a
2265 2003 2336 2052 su-

280 2076 463 2137 perfluis
489 2075 588 2122 fieri
610 2076 843 2135 particulis
869 2075 1094 2134 organicis
1113 2108 1124 2127 ,
1161 2071 1242 2119 effe
1271 2089 1385 2133 pene
1406 2072 1671 2133 vegetabilia
1694 2083 1747 2118 ut
1766 2071 1940 2131 lignum
1957 2104 1968 2123 ,
2009 2071 2048 2115 &
2076 2070 2219 2116 brutis
2234 2067 2335 2115 fieri

281 2141 530 2201 particulis.
603 2141 725 2186 Solas
747 2139 988 2199 particulas
1013 2137 1246 2199 organicas
1264 2137 1586 2183 alimentorum
1613 2135 1778 2181 activas
1803 2133 1898 2181 effe.
1964 2134 2209 2180 -Cornuum
2230 2148 2336 2179 cum

280 2203 367 2249 offe
395 2202 517 2264 quasi
553 2204 833 2255 articulatio,
869 2202 1050 2247 demum
1084 2199 1346 2248 coalescens.
1426 2202 1623 2246 Cervum
1655 2215 1752 2245 non
1782 2196 1915 2258 supra
1944 2195 2334 2259 quadragefimum

277 2284 451 2314 annum
478 2268 644 2314 vivere.
714 2271 748 2313 A
774 2267 889 2312 bove
914 2264 1090 2311 defectu
1116 2263 1319 2311 veficulae
1340 2262 1482 2310 felleae
1501 2260 1711 2310 differre:
1748 2275 1948 2322 quatuor
1965 2262 2096 2307 etiam
2124 2262 2172 2307 in
2201 2277 2334 2307 cervo

279 2331 411 2392 digiti
433 2330 553 2377 sunt.
625 2331 872 2390 Capreolus
895 2330 1098 2376 moribus
1130 2324 1310 2381 differt,
1347 2345 1445 2374 non
1469 2327 1651 2374 fabrica.
1721 2328 1870 2385 Lepus
1898 2341 1995 2371 non
2014 2326 2233 2378 ruminat,
2259 2341 2337 2371 cu·
2370 2350 2374 2351 ν

278 2397 351 2453 frus
382 2396 545 2441 unicus
570 2393 623 2440 sit
646 2395 942 2440 ventriculus.
1010 2394 1163 2440 Partes
1193 2394 1408 2454 genitales
1438 2393 1488 2438 in
1512 2404 1710 2451 utroque
1735 2389 1844 2435 sexu
1868 2389 2000 2436 valde
2029 2388 2223 2440 fimiles3
2258 2389 2335 2434 cli-

277 2461 388 2505 toris
413 2473 684 2519 praemagna,
720 2457 850 2503 testes
874 2458 952 2502 diu
976 2458 1180 2503 latentes.
1248 2456 1394 2502 Facile
1413 2455 1613 2516 concipit
1637 2456 1763 2513 lepus
1787 2451 1956 2500 femina
1977 2453 2110 2499 etiam
2133 2452 2332 2512 gravida.

276 2523 349 2568 De
376 2539 493 2569 caeco
522 2520 737 2568 intestino
771 2532 976 2565 accurate
997 2554 1008 2573 ‚
1059 2519 1296 2581 glandulas
1333 2521 1530 2581 perinaei.
1599 2519 1664 2566 Ut
1690 2518 1932 2564 cuniculus
1966 2533 1996 2564 a
2020 2518 2171 2577 lepore
2205 2509 2333 2563 diffe-

274 2598 357 2633 rat.
427 2586 596 2633 Nullus
620 2585 763 2644 lepori
788 2586 827 2629 &
853 2585 1066 2629 cuniculo
1090 2599 1264 2631 uterus.

400 2668 582 2714 T.V11.
621 2664 753 2713 Paris.
782 2671 913 2724 1758.
936 2666 1013 2722 4*
1061 2665 1211 2711 Multa
1249 2664 1485 2716 animalia,
1527 2663 1650 2709 'inter
1689 2678 1738 2709 ea
1767 2663 1903 2723 lupus
1932 2664 1974 2708 '&
2003 2660 2177 2719 vulpes.
2245 2659 2332 2705 ‘Pro

272 2732 451 2778 viribus
477 2732 750 2777 centralibus
776 2728 1159 2788 diaphragmatis:
1209 2728 1441 2774 cerebrum
1473 2743 1570 2772 non
1605 2725 1685 2772 effe
1723 2724 1807 2772 nifi
1839 2741 2059 2785 organum
2089 2721 2334 2770 secretioni

228 2836 232 2842 ‚
268 2793 391 2841 succi
414 2796 592 2841 nutritii
625 2809 872 2840 nervorum
900 2791 1186 2838 destinatum.
1258 2792 1412 2850 Lupus
1436 2791 1600 2837 canina
1621 2789 1758 2835 habet
1790 2788 1982 2841 viscera,
2017 2786 2093 2832 sed
2119 2786 2332 2832 intestina

271 2860 501 2918 ampliora.
572 2859 625 2904 In
649 2861 766 2905 lutra
788 2858 970 2903 nullum
995 2854 1076 2901 effe
1101 2853 1309 2901 foramen
1336 2855 1480 2901 ovale.
1549 2855 1706 2900 Mures
1726 2850 1978 2905 numerofi,
2013 2855 2166 2898 iaccus
2187 2849 2331 2897 fetido

268 2923 475 2983 unguine
504 2924 678 2982 plenus.
747 2922 897 2969 Melis.

2115 3015 2177 3061 T.
2196 3013 2321 3062 1111.
