2531 3394
533 122 597 180 -§.
638 131 761 172 1166
791 148 857 160 -
897 130 1035 181 1168.
1100 123 1354 174 omna.
1420 123 1910 188 BQRDENAVE.
2171 129 2266 188 τυ

331 255 407 315 -EJ,
443 254 663 316 Refittatio
697 255 997 313 objeffionum,
1044 274 1132 318 quae
1170 255 1378 316 adverfits
1413 253 1544 313 thesi-5
1569 253 1620 301 de
1645 256 1944 303 irritabilitate
1974 263 2020 313 J.
2046 259 2259 318 Francifti

125 327 128 330 '
204 319 382 366 CffiNAE
428 322 591 380 exstant
640 325 684 366 in
717 321 771 367 T.
791 321 847 366 11.
878 321 980 367 libri
1009 324 1202 368 Bononiae
1234 321 1340 365 editi
1384 324 1522 376 1758.
1556 317 1636 376 4*
1723 320 1879 365 Nim’ra
1913 320 1995 368 fibi
2030 320 2256 383 adrogaffe

201 382 522 429 BIANCHUM:
567 399 672 430 eum
700 383 854 430 noster
882 386 924 430 &
955 385 1279 431 LAMBERTUM
1308 379 1505 435 refutat,
1542 379 1738 428 ostendit
1776 383 1984 443 ignorare
2019 385 2252 432 hominem

202 446 313 506 quid
335 444 387 492 fit
416 446 715 500 instabilitas,
753 463 939 507 eamque
969 447 1168 493 tribuere
1195 447 1463 506 corporibus
1490 461 1586 491 non
1608 446 1904 498 viventibus;
1943 448 2139 495 tribuere
2169 466 2252 496 no-

200 510 284 563 bis,
325 527 424 570 quae
449 508 537 557 fint
555 510 749 556 anostra
775 508 997 556 sententia
1023 511 1185 556 aliena.
1256 510 1610 578 irritabilitatem
1636 510 1770 555 nobis
1791 509 1959 557 deberi.

323 593 397 652 EJ.
437 596 502 638 De
516 593 787 638 eleffzricitate
802 589 860 646 ἓξ
873 590 924 635 de
937 591 1218 651 respiratione
1232 591 1382 637 Turin
1403 602 1538 648 1773.
1555 592 1632 648 43*
1657 592 1726 636 De
1741 589 2038 650 respiratione
2057 595 2253 652 peculia-

197 671 267 702 res
284 653 390 702 sunt
403 656 469 702 Cl.
485 657 571 702 viri
591 655 844 715 opiniones.
863 654 1068 713 Requiri‚
1087 666 1138 700 ut
1153 653 1333 715 sanguis
1347 670 1369 699 a
1384 652 1593 700 funiculo
1608 654 1855 700 umbilicali
1869 654 2072 714 repulsus
2087 673 2254 703 novam

199 720 324 766 viam·
342 717 423 765 fibi
439 731 637 778 apertam
660 719 886 764 inveniat:
925 709 1051 778 sequi
1076 718 1210 764 etiam
1236 735 1260 764 a
1285 715 1415 764 sensu
1440 718 1738 767 incommodi,
1766 718 1889 777 quod
1921 717 2072 766 infans
2102 736 2127 765 a
2157 718 2256 766 san-

199 783 351 844 guinis
387 799 465 843 per
503 780 761 828 funiculum
795 781 1067 841 impeditum
1104 783 1191 828 iter
1227 782 1454 842 percipiat.
1525 782 1782 828 Utilitatem
1820 780 2130 842 respirationis
2172 783 2254 830 effe

200 847 330 893 aliam
357 863 380 892 a
409 843 661 892 neceffitate
685 863 696 894 ς
729 844 847 891 hanc
869 845 992 905 quod
1015 846 1261 905 vaporibus
1290 844 1480 890 onustus
1505 851 1602 897 aer,
1652 845 1730 904 qui
1762 845 1882 891 inter
1915 848 2153 906 pulmones
2184 864 2253 893 re-

201 921 351 956 tentus
388 907 497 962 fuit,
550 926 625 955 eos
664 911 904 969 pulmones
941 907 1202 955 convulfive
1238 908 1451 968 stringat,
1495 908 1771 954 immeabiles
1808 909 1978 956 reddat.
2048 912 2176 956 Illam
2205 913 2257 956 in

200 971 461 1033 expullione
487 989 707 1033 vaporum
736 974 982 1018 noxiorum
1011 973 1137 1033 poni.
1204 973 1457 1032 Nunquam
1489 971 1540 1017 in
1568 987 1698 1018 cavea
1740 974 1933 1032 pectoris
1976 980 2124 1020 aerem
2163 976 2256 1020 col-

196 1037 304 1098 ligi,
341 1048 394 1083 ut
418 1034 581 1083 vesicas
608 1035 751 1082 facere
778 1033 926 1096 poffit.

325 1118 380 1165 In
406 1117 635 1176 Miscellan.
658 1115 978 1175 Taurinenszum
992 1117 1046 1162 T.
1066 1116 1101 1162 Ι.
1125 1115 1178 1162 de
1204 1114 1435 1177 sanguinis
1456 1117 1604 1162 colore
1628 1117 1735 1177 agit.
1805 1117 2036 1165 Adceffum
2064 1119 2176 1166 a'e'ris
2199 1119 2256 1166 ad

121 1184 125 1190 “
196 1198 300 1228 eum
328 1183 522 1228 multum
550 1178 782 1233 conferre,
818 1196 966 1240 neque
992 1181 1128 1226 imam
1157 1181 1407 1240 placentam
1431 1178 1665 1240 sanguinis
1693 1182 1746 1226 ab
1769 1181 2142 1229 incumbentibus
2171 1182 2255 1230 fibi

203 1246 400 1306 globulis
431 1244 683 1304 denigrari,
722 1242 797 1289 sed
824 1244 878 1289 ab
904 1244 1016 1290 aeris
1045 1242 1236 1290 defedtu.
1307 1245 1541 1291 Laminam
1576 1256 1762 1291 tenuem
1793 1247 1906 1293 aeris
1940 1248 2145 1292 eumdem
2185 1248 2256 1293 ni-

196 1325 374 1369 grorem
399 1308 675 1368 producere,
715 1310 757 1354 &
784 1308 930 1355 redire
954 1308 1167 1354 ruborem
1192 1315 1291 1354 aere
1322 1307 1547 1355 restituto.
1615 1309 1771 1355 Nullae
1807 1326 1862 1355 ex
1889 1309 2072 1371 pertuso
2102 1314 2254 1371 petito—

191 1387 240 1418 re
271 1371 406 1418 bullae
430 1370 726 1419 adscendunt.

320 1456 473 1499 Marci
499 1453 757 1506 CARBURI,
798 1453 977 1499 comitis
995 1488 1007 1506 ‚
1035 1451 1291 1501 Profefforis
1311 1453 1519 1500 Patavini
1548 1457 1588 1501 &
1615 1453 1906 1509 Turinenfis,
1947 1455 2099 1502 lettera
2123 1455 2259 1517 sopra

160 1538 163 1541 Δ
190 1532 279 1562 una
295 1516 431 1577 specie
457 1517 651 1575 d’insetto
678 1521 848 1563 marino
882 1518 930 1563 al
951 1522 991 1564 S.
1021 1522 1179 1564 Murco
1200 1518 1482 1564 FOsCARlNI
1533 1519 1706 1565 Venez.
1736 1531 1869 1577 1757.
1906 1518 2012 1565 12.*
2079 1521 2146 1566 Ex
2173 1520 2256 1566 ho-

187 1579 380 1627 lothurii
403 1597 564 1641 genere
584 1581 774 1634 animal,
813 1582 933 1634 velo,
968 1597 1115 1634 cavea,
1152 1582 1280 1628 venis
1304 1582 1526 1641 parallelis
1545 1582 1593 1628 in
1626 1581 1799 1628 sulcum
1825 1583 2164 1630 confluentibus
2186 1586 2256 1631 in-

140 1649 142 1652 ’
192 1643 428 1691 structum.
497 1645 609 1704 Ejus
648 1661 734 1691 ova
766 1647 838 1691 vel
872 1645 1021 1705 pullos
1051 1646 1101 1691 in
1126 1643 1310 1691 conchae
1338 1644 1528 1705 speciem
1551 1646 1712 1693 delabi.

313 1727 369 1772 ln
391 1725 562 1786 adjecta
585 1726 767 1786 epistola
794 1738 983 1773 notatur
1006 1726 1303 1773 Alexandrum
1325 1728 1453 1774 PJNO
1484 1743 1522 1772 a.
1548 1731 1679 1784 1'703.
1706 1727 1922 1774 invenisse
1949 1727 2130 1776 succum
2157 1729 2255 1777 ani·

192 1791 322 1838 malis
354 1791 596 1837 caeruleum
625 1791 679 1836 ab
705 1791 832 1837 acido
859 1788 1107 1837 rubescere.
1174 1791 1429 1837 Reouditur
1450 1791 1498 1836 in
1525 1793 1701 1853 Allgem.
1730 1798 1912 1854 Magna.
1942 1795 2073 1840 T.X.

604 1926 641 1975 §.
678 1921 1062 1968 MCLXVIII.
1156 1922 1449 1969 TonssAmT
1477 1922 1809 1969 BORDENAVE.

322 2017 577 2080 Chirurgus
609 2017 815 2065 eruditus
858 2020 899 2064 &
934 2016 1179 2071 Profeffor‚
1225 2019 1274 2064 in
1306 2023 1513 2065 Mei-cure
1543 2018 1593 2064 de
1623 2023 1784 2065 france
1813 2032 1949 2077 1757.
1994 2019 2164 2081 scripsit
2201 2022 2260 2069 de·-

193 2081 498 2128 irritabilitate
529 2084 569 2128 &
599 2081 825 2128 sentiendi
860 2081 1102 2135 facultate,
1138 2081 1311 2142 nosque
1351 2081 1567 2128 defendit.
1639 2084 1890 2143 Utramque
1925 2087 2017 2130 vim
2051 2084 2256 2145 separat,

196 2156 294 2190 tum
322 2147 444 2191 illam
471 2145 526 2191 ab
552 2148 725 2192 elatere.
798 2146 851 2191 In
878 2144 968 2192 suis
995 2148 1319 2205 'experimentis
1342 2147 1550 2192 tendines
1586 2163 1824 2204 nunquam
1858 2145 2035 2194 sensum
2069 2150 2255 2195 demon-

197 2207 354 2254 straffe.
426 2209 676 2270 Chirurgos
701 2226 939 2269 nunquam
965 2208 1145 2256 sensum
1172 2212 1319 2256 ullum
1346 2210 1536 2269 experiri
1567 2210 1615 2255 in
1644 2211 1826 2257 nudati-s
1855 2213 1897 2257 &
1927 2211 2134 2273 deli-gatis
2153 2226 2252 2259 ten-

189 2271 389 2331 dinibus.
461 2271 775 2333 Aponevroses
811 2275 977 2334 pariter
1011 2272 1142 2320 sensu
1184 2290 1365 2326 cavere‚
1415 2274 1573 2318 duram
1602 2275 1861 2334 meningem
1891 2274 2057 2335 absque
2096 2277 2257 2322 dolore

189 2335 380 2380 amburi.
450 2337 521 2382 Sic
548 2336 834 2395 periosteum.
905 2338 1038 2383 Putes
1057 2338 1265 2383 eumdem
1295 2336 1374 2382 effe
1401 2336 1631 2390 libellum,
1669 2354 1803 2397 quem
1830 2339 2117 2386 Pomanus
2141 2341 2252 2386 citat

187 2413 291 2444 eum
321 2399 458 2444 titulo
488 2403 746 2460 Renum-ques
765 2400 1163 2459 surl⁷i1ffenstbilite
1187 2401 1238 2446 de
1264 2401 1461 2461 quelques
1475 2405 1643 2461 parties
1682 2409 1819 2459 1756.
1852 2414 1924 2455 12.

319 2480 496 2540 EJUSD.
538 2479 652 2542 Effai‘
664 2481 745 2539 sur
766 2481 804 2526 le
825 2479 1097 2540 meclmmflne
1120 2482 1172 2528 de
1199 2482 1242 2527 la
1264 2493 1423 2535 natm-e
1447 2481 1555 2527 dans
1580 2483 1622 2528 la
1642 2483 1888 2543 formation
1909 2484 1979 2530 (les
1998 2501 2054 2536 os,
2094 2482 2152 2539 ἓξ
2163 2488 2246 2531 Re-

187 2539 379 2588 cherches
394 2543 477 2601 sur
507 2544 550 2590 la
571 2544 707 2605 sagon
727 2543 831 2590 dont
844 2544 995 2605 sbfait
1021 2546 1064 2591 la
1085 2550 1262 2590 reunion
1280 2545 1350 2590 des
1370 2562 1412 2591 os
1427 2546 1655 2605 staffines.
1725 2548 1780 2592 In
1803 2553 1935 2593 Affe'm.
1965 2547 2016 2592 de
2047 2546 2245 2609 Cliii‘ztrg.

181 2607 237 2652 T.
258 2607 340 2652 IV.
356 2618 515 2653 contra
528 2609 608 2654 DU
626 2609 914 2654 HAMELIUM
944 2609 1068 2662 dicit,
1131 2608 1405 2655 Periostcum
1419 2607 1499 2654 ossi
1516 2611 1673 2655 leviter
1688 2610 1912 2656 adhaerere
1936 2629 1946 2655 :
1984 2626 2150 2656 meram
2166 2611 2252 2657 effe

187 2669 445 2716 cellulosam
468 2673 604 2717 telam
630 2670 846 2731 stipatam.
916 2671 1022 2718 Offa
1048 2672 1266 2733 periosteo
1294 2673 1502 2719 nondum
1525 2673 1768 2733 conspicuo
1799 2676 1912 2734 tegi,
1949 2675 2132 2732 quando
2152 2676 2250 2735 jam

185 2735 399 2794 cartilago
429 2734 626 2794 adparet.
696 2733 803 2780 Offa
833 2734 1090 2789 durescere,
1127 2750 1180 2782 ut
1203 2752 1228 2782 a
1255 2734 1367 2782 vasis
1394 2737 1540 2782 rubris
1568 2749 1875 2796 penetrantur.
1967 2738 2245 2785 Periosteum

191 2810 288 2841 non
316 2796 396 2842 effe
418 2801 696 2858 praecipuum
729 2814 951 2857 organum
980 2797 1347 2846 fabricandorum
1372 2798 1533 2846 ossinm·
1559 2819 1569 2845 :
1608 2817 1659 2845 ea
1684 2817 1738 2845 ex
1761 2799 1894 2845 succo·
1923 2799 2038 2846 osteo
2074 2802 2123 2848 in
2143 2801 2245 2848 san-

187 2859 717 2916 guinecircumfluente,
753 2864 892 2921 inque
924 2861 1085 2908 offium
1110 2862 1291 2909 vascula
1324 2864 1472 2910 delato
1511 2862 1645 2909 nasci.
1738 2864 1792 2908 In
1828 2865 1956 2915 L,11.
1991 2864 2048 2909 ad
2079 2868 2248 2912 callum-

189 2936 293 2966 cum
318 2934 498 2971 textura
522 2926 754 2972 veficulari
779 2924 880 2972 offis
900 2925 1105 2974 conferre
1131 2925 1390 2975 cellulofam
1418 2938 1622 2974 naturam
1647 2928 1898 2983 evolutam,
1963 2928 2245 2977 Periosteum

186 2998 212 3029 a
233 2985 366 3034 rubia
390 3003 487 3039 non
508 2991 650 3053 tingi,
685 2991 850 3039 callum
875 2993 1051 3053 utique.

1218 3054 1445 3115 Yyyz
2157 3056 2250 3104 Re-
