2531 3394
197 135 201 139 ,
259 93 353 148 334
599 80 774 136 ἘῙΒ.
825 87 920 136 IX.
998 81 1419 137 ANATOMES
1470 84 1917 140 PERFECTIO.

253 195 466 238 meratae‚
500 184 601 232 istas
639 184 775 233 factas
803 184 884 232 effe
917 185 972 232 ad
1002 183 1259 231 evitandam
1290 181 1576 244 preflionem.
1662 186 1816 246 Hepar
1853 189 1904 234 in
1940 188 2213 239 animalibus
2247 190 2316 240 sa-=

253 250 472 307 lientibus
487 247 568 299 esse
581 249 879 297 multifidum.
948 250 1003 295 In
1023 265 1130 297 rene
1145 248 1256 294 duas
1269 250 1551 295 membranas
1575 246 1671 311 effe,
1704 265 1814 309 quas
1833 253 1954 299 calor
1965 252 2165 315 separet:
2206 254 2315 303 sein

252 311 537 374 superficiem
571 315 692 361 renis
731 311 992 374 corpuscula
1022 310 1305 359 subrotunda
1344 310 1579 359 manifesta
1617 311 1786 359 vidiffe.
1880 315 2049 364 Veficae
2087 332 2314 367 anatome.

253 375 423 424 Veficae
447 375 1062 438 musculuslongitudinalis,
1100 379 1142 424 &
1157 393 1296 438 prope
1307 377 1553 438 prostatam
1575 375 1706 424 fibrae
1735 377 2014 429 transversae.
2067 383 2315 433 CoWPEm

255 441 495 502 glandulae.

384 525 440 572 T.
470 524 685 572 KNIGTH
713 522 765 568 de
793 521 895 582 pilis
926 537 1004 581 per
1032 521 1212 569 urinam
1237 522 1410 583 egestis.

385 610 569 653 Henrici
593 607 756 652 Mans
790 604 1007 650 circuitus
1032 602 1266 664 sanguinis
1296 605 1346 650 in
1371 603 1651 653 salamandra
1678 607 1884 667 aquatica
1908 605 2047 655 visus.

391 688 452 734 N.
474 694 582 745 459.
632 688 767 733 IDEM
804 685 858 731 de
891 687 1196 747 anguillarum
1235 687 1351 733 aceti
1384 704 1474 734 ore.
1554 690 1721 736 Semen
1754 690 1951 736 bidentis
1986 706 2069 750 pro
2106 691 2322 751 peculiari

259 751 450 798 animale
482 751 700 810 depinxit.

381 834 442 881 N.
471 844 577 890 477.
621 831 674 877 dc
706 829 903 878 effluviis
933 831 1150 878 elediricis
1177 830 1378 879 hominis
1407 834 1447 879 ὃς
1471 833 1691 882 animalis.

387 915 447 961 N.
470 921 580 972 461.
616 911 781 974 Joseph.
816 918 1010 974 Ignatius
1035 913 1087 960 de
1111 915 1327 963 TQRREZ
1360 913 1763 975 exemplum'dedit
1795 915 1943 963 cordis
1969 915 2161 972 inverfi,
2199 917 2325 980 apice

261 978 467 1026 deorsum
490 976 518 1023 s
511 978 747 1038 pectantis.
816 977 1072 1024 Recuditur
1097 978 1147 1024 in
1173 982 1406 1025 Me‘moires
1430 979 1502 1025 des
1528 984 1695 1028 Sa-vcms
1717 992 1952 1042 eti-angers.

388 1061 620 1107 ROBERTI
646 1057 853 1119 Episcopi
880 1060 930 1105 in
960 1060 1114 1113 Cork‚
1155 1062 1195 1106 ὃς
1222 1061 1415 1107 aliorum
1439 1061 1626 1115 relatio,
1666 1062 1719 1108 de
1755 1060 1919 1108 sceleto
1951 1062 2041 1110 viri
2073 1064 2208 1112 variis
2250 1064 2325 1111 ad-

261 1123 526 1184 pendicibus
554 1122 773 1177 deformi,
812 1125 941 1184 cujus
969 1140 1126 1170 omnes
1153 1125 1491 1172 articulationes
1518 1142 1597 1186 per
1621 1124 1855 1186 ancylofin
1886 1128 2161 1194 coaluerant.

389 1206 523 1253 IDEM
558 1203 806 1266 Episcopus
832 1205 885 1251 de
915 1206 1014 1252 viro
1038 1207 1245 1252 lactente.

386 1288 443 1333 In
464 1289 575 1349 Hzst.
598 1287 650 1333 de
675 1286 846 1334 l’AcacZ.
870 1287 941 1333 des
970 1291 1153 1335 Sciences
1180 1300 1316 1347 1741.
1345 1305 1457 1348 puer
1488 1291 1609 1336 ultra
1638 1291 1827 1338 modum
1851 1309 2080 1353 procerus.

387 1370 458 1415 De
497 1369 644 1415 lamiae
675 1367 943 1430 ampliffimo
973 1371 1090 1417 rictu
1117 1373 1159 1417 ὃς
1201 1371 1429 1418 dentibus.
1499 1372 1844 1421 VAUCANSONI
1890 1391 1997 1422 anas
2039 1374 2325 1436 deglutiens,

263 1433 494 1495 digerens,
532 1450 792 1480 excernens.

390 1516 446 1562 In
460 1516 579 1562 Αὲῗίς
601 1518 823 1563 Societatis
844 1520 980 1578 Regae
1003 1520 1288 1564 Scientiarum
1307 1517 1549 1579 Upshlienfis
1570 1519 1680 1564 anni
1698 1532 1831 1578 1741.
1856 1524 1904 1575 J.
1930 1520 2170 1567 Fridericus
2185 1522 2260 1568 GR
2271 1536 2325 1570 0-

263 1594 454 1629 NOVIUS
483 1593 729 1627 anatomen
762 1582 839 1627 dat
866 1580 1095 1628 salmonis.
1163 1582 1446 1643 Adpendiccs
1479 1584 1692 1643 pyloricae
1725 1591 1797 1631 62.
1870 1586 1940 1632 Sic
1966 1602 2087 1631 anno
2117 1597 2251 1644 1742.
2282 1587 2325 1632 &

265 1657 468 1704 1744-
492 1657 628 1703 1750·

386 1728 524 1775 IDEM
552 1728 601 1774 in
628 1726 738 1775 Phil.
776 1727 929 1787 Trans
950 1744 995 1773 n.
1015 1735 1124 1786 466.
1155 1730 1375 1776 nuntium
1401 1728 1455 1775 ad
1482 1729 1667 1788 Regiam
1693 1730 1965 1777 Societatem
1986 1728 2102 1777 misit
2119 1762 2128 1778 ‚
2159 1730 2212 1777 de
2239 1748 2326 1778 nu·
2395 1759 2413 1772 x

263 1808 340 1852 per
369 1793 558 1839 inventa
586 1794 860 1852 polyporum
896 1810 949 1838 ex
974 1791 1240 1854 fragmentis
1265 1796 1620 1854 regeneratione.

394 1874 449 1920 In
477 1878 529 1920 K.
564 1873 746 1921 Swenslz.
787 1881 901 1921 Wet.
930 1875 1069 1921 Acad.
1104 1876 1390 1938 Handlingar
1412 1888 1460 1922 ·t.
1478 1876 1534 1922 II.
1564 1876 1673 1922 anni
1703 1889 1838 1935 1741.
1883 1878 1924 1939 J.
1950 1879 2017 1924 Μ.
2044 1878 2330 1925 GRAABERG

266 1935 485 1984 bufonem
513 1940 670 1985 vivum
696 1937 933 1992 describit,
974 1940 1123 1986 medio
1145 1941 1194 1986 in
1220 1938 1326 1987 saxo
1346 1952 1589 2000 repertum.

398 2019 455 2065 In
489 2024 644 2067 Comm.
669 2024 754 2066 Lit.
785 2025 898 2068 Nor.
934 2032 1069 2079 1741.
1095 2019 1214 2068 hebd.
1244 2035 1321 2081 41.
1351 2023 1393 2083 J
1414 2023 1459 2068 P.
1483 2023 1695 2076 Momm,
1723 2023 1906 2069 celebris
1934 2021 2325 2082 pharmacopoeus.

267 2084 360 2145 agit
385 2083 437 2128 de
464 2085 562 2155 oleo
589 2085 772 2131 animali
801 2085 1060 2138 DIPPELH,
1099 2087 1178 2146 qui
1214 2088 1423 2148 equidem
1459 2090 1816 2133 commentarius
1854 2086 2045 2133 chemici
2084 2088 2225 2148 magis
2265 2088 2325 2134 est

269 2159 539 2196 argumenti.

398 2230 454 2276 In
479 2229 559 2276 Sel.
588 2230 784 2292 Francos.
811 2232 937 2281 T.11.
963 2248 1007 2277 n.
1027 2242 1068 2278 2.
1103 2229 1261 2278 hernia
1280 2233 1548 2279 umbilicalis
1579 2232 1822 2294 congenita
1851 2230 2131 2279 describitur.

399 2311 454 2356 In
501 2314 591 2357 Sat.
637 2311 752 2372 Silejs‘.
799 2312 985 2360 Gottlieh
1029 2315 1268 2361 OLLSNER
1309 2313 1521 2361 describit
1559 2331 1722 2375 penem
1761 2314 2025 2374 bipartitum
2066 2315 2116 2361 in
2152 2332 2329 2377 puero,

268 2373 304 2424 f.
330 2373 682 2435 semiduplicem.

840 2471 884 2527 §-
921 2472 1196 2524 MXXIV.
1288 2475 1474 2530 Jacohm
1499 2476 1745 2530 ΡΑΒεοΝε,

403 2568 612 2616 Med-icus
633 2567 949 2615 Londinensis.
1018 2572 1139 2631 EJUS
1163 2570 1423 2619 mechanical
1442 2571 1531 2618 and
1553 2573 1724 2619 critical
1746 2578 1924 2634 enquiry
1955 2577 2045 2620 into
2069 2571 2137 2619 the
2171 2584 2332 2620 narare

273 2633 326 2696 of
345 2631 709 2695 hermaphrodites
744 2633 939 2678 London
964 2646 1096 2691 1741.
1126 2637 1203 2688 8.*
1273 2639 1406 2697 Opus
1433 2635 1523 2682 fere
1553 2637 1846 2683 collecfitium
1865 2672 1879 2691 ‚
1930 2639 1979 2683 in
2013 2653 2104 2696 quo
2132 2654 2186 2682 ex
2217 2650 2330 2683 tem-

272 2714 436 2758 porum
467 2698 625 2743 ordine
655 2696 848 2756 plurima
879 2700 1079 2756 exempla
1113 2699 1487 2760 androgynorum
1530 2699 1829 2747 recensentur.
1912 2701 2219 2760 Androgynos
2248 2702 2328 2760 qui

270 2773 522 2831 putantur,
560 2759 648 2832 effe
675 2758 864 2806 feminas
901 2776 1064 2820 magna
1093 2763 1312 2810 clitoride.
1398 2766 1552 2820 Quam
1581 2763 1674 2826 ipse
1709 2764 1824 2810 vidit
1846 2763 2166 2824 Aethiopissam
2194 2776 2327 2825 putes

273 2835 432 2882 utique
458 2842 511 2871 eo
537 2837 775 2885 pertinere.

408 2906 575 2963 EJUSD.
618 2906 890 2966 Description
914 2905 966 2966 of
981 2903 1050 2952 the
1066 2909 1246 2966 urinary
1269 2906 1423 2954 human
1449 2908 1630 2955 bladder
1645 2909 1735 2956 and
1758 2908 1826 2955 the
1834 2918 1964 2970 parts
1980 2907 2201 2971 belonging
2225 2922 2268 2956 to
2294 2915 2329 2957 it

275 2964 380 3017 with
401 2971 836 3034 anatomicalfigures
870 2970 1067 3018 London
1089 2982 1221 3031 1742.
1246 2970 1324 3027 8.*
1373 2973 1642 3020 Germanice
1674 2973 1838 3021 Norib.
1864 2985 1947 3035 175
1955 2986 1997 3030 9.
2026 2974 2103 3029 8.*
2156 2975 2329 3026 Gallice

2209 3037 2330 3088 Paris

2442 175 2475 206 h
