<?xml version="1.0" encoding="UTF-8"?>
<!DOCTYPE html PUBLIC "-//W3C//DTD XHTML 1.0 Transitional//EN"
    "http://www.w3.org/TR/xhtml1/DTD/xhtml1-transitional.dtd">
<html xmlns="http://www.w3.org/1999/xhtml" xml:lang="en" lang="en">
 <head>
  <title>
</title>
<meta http-equiv="Content-Type" content="text/html;charset=utf-8" />
  <meta name='ocr-system' content='tesseract 3.04.00' />
  <meta name='ocr-capabilities' content='ocr_page ocr_carea ocr_par ocr_line ocrx_word'/>
</head>
<body>
  <div class='ocr_page' id='page_1' title='image "bibliothecaanato02hall_0449.png"; bbox 0 0 2531 3394; ppageno 0'>
   <div class='ocr_carea' id='block_1_1' title="bbox 612 100 2269 192">
    <p class='ocr_par' dir='ltr' id='par_1_1' title="bbox 612 100 2269 192">
     <span class='ocr_line' id='line_1_1' title="bbox 612 100 2269 192; baseline 0.007 -21"><span class='ocrx_word' id='word_1_1' title='bbox 612 122 651 177; x_wconf 73' lang='lat'><strong>§1</strong></span> <span class='ocrx_word' id='word_1_2' title='bbox 693 131 1016 173; x_wconf 57' lang='lat'>1101.1102.=·</span> <span class='ocrx_word' id='word_1_3' title='bbox 1074 100 1573 174; x_wconf 78' lang='lat' dir='ltr'>HEUER&#39;MANN.</span> <span class='ocrx_word' id='word_1_4' title='bbox 1643 127 1872 179; x_wconf 59' lang='lat' dir='ltr'><strong>zmnr</strong></span> <span class='ocrx_word' id='word_1_5' title='bbox 2169 143 2269 192; x_wconf 73' lang='lat'><strong>439</strong></span> 
     </span>
    </p>
   </div>
   <div class='ocr_carea' id='block_1_2' title="bbox 203 251 2266 495">
    <p class='ocr_par' dir='ltr' id='par_1_2' title="bbox 203 251 2266 495">
     <span class='ocr_line' id='line_1_2' title="bbox 206 251 2262 321; baseline 0.005 -19"><span class='ocrx_word' id='word_1_6' title='bbox 206 255 397 303; x_wconf 76' lang='grc' dir='ltr'><strong>Ρ-ΕτῐΤι.</strong></span> <span class='ocrx_word' id='word_1_7' title='bbox 467 252 599 300; x_wconf 90' lang='lat' dir='ltr'><strong>Plicis</strong></span> <span class='ocrx_word' id='word_1_8' title='bbox 625 251 761 314; x_wconf 82' lang='lat' dir='ltr'><strong>hujus</strong></span> <span class='ocrx_word' id='word_1_9' title='bbox 786 271 966 301; x_wconf 88' lang='lat' dir='ltr'><strong>coronae</strong></span> <span class='ocrx_word' id='word_1_10' title='bbox 993 254 1121 301; x_wconf 84' lang='lat' dir='ltr'><strong>flocci</strong></span> <span class='ocrx_word' id='word_1_11' title='bbox 1150 255 1338 315; x_wconf 84' lang='lat' dir='ltr'><strong>penduli</strong></span> <span class='ocrx_word' id='word_1_12' title='bbox 1373 257 1575 316; x_wconf 89' lang='lat' dir='ltr'><strong>corporis</strong></span> <span class='ocrx_word' id='word_1_13' title='bbox 1611 258 1776 314; x_wconf 62' lang='lat' dir='ltr'><strong>ciliari‘:</strong></span> <span class='ocrx_word' id='word_1_14' title='bbox 1810 261 2145 321; x_wconf 80' lang='lat' dir='ltr'><strong>imponuntur,</strong></span> <span class='ocrx_word' id='word_1_15' title='bbox 2185 281 2262 311; x_wconf 83' lang='lat' dir='ltr'><strong>ne-</strong></span> 
     </span>
     <span class='ocr_line' id='line_1_3' title="bbox 207 316 2266 383; baseline 0.005 -18"><span class='ocrx_word' id='word_1_16' title='bbox 207 321 367 380; x_wconf 88' lang='lat' dir='ltr'><strong>quein</strong></span> <span class='ocrx_word' id='word_1_17' title='bbox 392 318 526 365; x_wconf 86' lang='lat' dir='ltr'><strong>lentis</strong></span> <span class='ocrx_word' id='word_1_18' title='bbox 560 317 826 377; x_wconf 80' lang='lat' dir='ltr'><strong>crystallinae</strong></span> <span class='ocrx_word' id='word_1_19' title='bbox 851 316 1074 379; x_wconf 81' lang='lat' dir='ltr'>capsulam</span> <span class='ocrx_word' id='word_1_20' title='bbox 1103 316 1418 364; x_wconf 84' lang='lat' dir='ltr'><strong>innascuntur.</strong></span> <span class='ocrx_word' id='word_1_21' title='bbox 1488 321 1671 367; x_wconf 88' lang='lat' dir='ltr'><strong>Corona</strong></span> <span class='ocrx_word' id='word_1_22' title='bbox 1697 323 1823 383; x_wconf 82' lang='lat' dir='ltr'><strong>nigra</strong></span> <span class='ocrx_word' id='word_1_23' title='bbox 1858 340 1954 370; x_wconf 81' lang='lat' dir='ltr'><strong>eam</strong></span> <span class='ocrx_word' id='word_1_24' title='bbox 1990 330 2155 374; x_wconf 86' lang='lat' dir='ltr'><strong>lentem</strong></span> <span class='ocrx_word' id='word_1_25' title='bbox 2189 327 2266 375; x_wconf 82' lang='lat' dir='ltr'><strong>fir-</strong></span> 
     </span>
     <span class='ocr_line' id='line_1_4' title="bbox 207 379 2265 493; baseline 0.005 -64"><span class='ocrx_word' id='word_1_26' title='bbox 207 396 312 429; x_wconf 89' lang='lat' dir='ltr'><strong>mat.</strong></span> <span class='ocrx_word' id='word_1_27' title='bbox 385 383 515 493; x_wconf 76' lang='lat' dir='ltr'><strong>sEjus</strong></span> <span class='ocrx_word' id='word_1_28' title='bbox 548 382 675 429; x_wconf 83' lang='lat' dir='ltr'><strong>flocci</strong></span> <span class='ocrx_word' id='word_1_29' title='bbox 719 385 761 430; x_wconf 72' lang='grc' dir='ltr'><strong>δι</strong></span> <span class='ocrx_word' id='word_1_30' title='bbox 795 382 908 429; x_wconf 83' lang='lat' dir='ltr'><strong>striae</strong></span> <span class='ocrx_word' id='word_1_31' title='bbox 941 395 1045 428; x_wconf 69' lang='lat' dir='ltr'><strong>‘non</strong></span> <span class='ocrx_word' id='word_1_32' title='bbox 1080 379 1186 429; x_wconf 87' lang='lat' dir='ltr'><strong>sunt</strong></span> <span class='ocrx_word' id='word_1_33' title='bbox 1222 381 1519 439; x_wconf 79' lang='lat' dir='ltr'><strong>musculosae,</strong></span> <span class='ocrx_word' id='word_1_34' title='bbox 1569 387 1610 432; x_wconf 83' lang='lat'>&amp;</span> <span class='ocrx_word' id='word_1_35' title='bbox 1642 387 1797 447; x_wconf 87' lang='lat' dir='ltr'><strong>potius</strong></span> <span class='ocrx_word' id='word_1_36' title='bbox 1837 389 2030 450; x_wconf 88' lang='lat' dir='ltr'><strong>impulso</strong></span> <span class='ocrx_word' id='word_1_37' title='bbox 2074 390 2265 440; x_wconf 85' lang='lat' dir='ltr'><strong>humore</strong></span> 
     </span>
     <span class='ocr_line' id='line_1_5' title="bbox 203 459 527 495; baseline -0.006 -1"><span class='ocrx_word' id='word_1_38' title='bbox 203 459 378 495; x_wconf 80' lang='lat' dir='ltr'><strong>intume</strong></span> <span class='ocrx_word' id='word_1_39' title='bbox 405 459 527 493; x_wconf 80' lang='lat' dir='ltr'><strong>cunt.</strong></span> 
     </span>
    </p>
   </div>
   <div class='ocr_carea' id='block_1_3' title="bbox 196 525 2302 1152">
    <p class='ocr_par' dir='ltr' id='par_1_3' title="bbox 196 525 2302 1152">
     <span class='ocr_line' id='line_1_6' title="bbox 333 525 2265 593; baseline 0.005 -18"><span class='ocrx_word' id='word_1_40' title='bbox 333 529 505 589; x_wconf 85' lang='lat' dir='ltr'><strong>EJUSD.</strong></span> <span class='ocrx_word' id='word_1_41' title='bbox 559 527 877 588; x_wconf 80' lang='lat' dir='ltr'><em>Observationes</em></span> <span class='ocrx_word' id='word_1_42' title='bbox 904 525 1104 573; x_wconf 73' lang='lat' dir='ltr'><strong>botanicae</strong></span> <span class='ocrx_word' id='word_1_43' title='bbox 1131 561 1142 573; x_wconf 88' lang='lat'>.</span> <span class='ocrx_word' id='word_1_44' title='bbox 1179 562 1190 574; x_wconf 88' lang='lat'><strong>.</strong></span> <span class='ocrx_word' id='word_1_45' title='bbox 1228 563 1239 575; x_wconf 91' lang='lat'><strong>.</strong></span> <span class='ocrx_word' id='word_1_46' title='bbox 1270 529 1312 574; x_wconf 89' lang='lat'>&amp;</span> <span class='ocrx_word' id='word_1_47' title='bbox 1343 534 1589 577; x_wconf 75' lang='lat' dir='ltr'><strong>anatomicae</strong></span> <span class='ocrx_word' id='word_1_48' title='bbox 1629 531 1680 578; x_wconf 87' lang='lat' dir='ltr'><strong>de</strong></span> <span class='ocrx_word' id='word_1_49' title='bbox 1703 531 1810 592; x_wconf 81' lang='lat' dir='ltr'><strong>vasis</strong></span> <span class='ocrx_word' id='word_1_50' title='bbox 1830 532 2129 593; x_wconf 76' lang='lat' dir='ltr'><em>subtilioribus</em></span> <span class='ocrx_word' id='word_1_51' title='bbox 2155 540 2265 585; x_wconf 80' lang='lat' dir='ltr'><strong>oculi</strong></span> 
     </span>
     <span class='ocr_line' id='line_1_7' title="bbox 206 591 2264 658; baseline 0.004 -19"><span class='ocrx_word' id='word_1_52' title='bbox 206 591 265 650; x_wconf 55' lang='grc' dir='ltr'><strong>ἓξ</strong></span> <span class='ocrx_word' id='word_1_53' title='bbox 295 594 457 640; x_wconf 75' lang='lat' dir='ltr'><em>cochlea</em></span> <span class='ocrx_word' id='word_1_54' title='bbox 477 595 591 639; x_wconf 57' lang='lat' dir='ltr'><strong>azimi</strong></span> <span class='ocrx_word' id='word_1_55' title='bbox 615 597 787 638; x_wconf 82' lang='lat' dir='ltr'><strong>interna</strong></span> <span class='ocrx_word' id='word_1_56' title='bbox 825 593 1036 652; x_wconf 80' lang='lat' dir='ltr'><strong>Gotting.</strong></span> <span class='ocrx_word' id='word_1_57' title='bbox 1058 603 1191 650; x_wconf 82' lang='lat'>1753·</span> <span class='ocrx_word' id='word_1_58' title='bbox 1221 594 1300 650; x_wconf 76' lang='lat'><strong>4*</strong></span> <span class='ocrx_word' id='word_1_59' title='bbox 1353 594 1466 640; x_wconf 86' lang='lat' dir='ltr'><strong>Rete</strong></span> <span class='ocrx_word' id='word_1_60' title='bbox 1495 595 1702 642; x_wconf 86' lang='lat' dir='ltr'><strong>mirabile</strong></span> <span class='ocrx_word' id='word_1_61' title='bbox 1731 597 2013 658; x_wconf 73' lang='lat' dir='ltr'><strong>processuum</strong></span> <span class='ocrx_word' id='word_1_62' title='bbox 2040 601 2264 648; x_wconf 84' lang='lat' dir='ltr'><strong>ciliarium</strong></span> 
     </span>
     <span class='ocr_line' id='line_1_8' title="bbox 204 653 2265 718; baseline 0.003 -13"><span class='ocrx_word' id='word_1_63' title='bbox 204 675 228 705; x_wconf 87' lang='lat' dir='ltr'><strong>a</strong></span> <span class='ocrx_word' id='word_1_64' title='bbox 253 660 646 704; x_wconf 70' lang='lat' dir='ltr'><strong>LIEBERKUHNJO</strong></span> <span class='ocrx_word' id='word_1_65' title='bbox 666 653 1022 701; x_wconf 73' lang='lat' dir='ltr'><strong>artificiofiffime</strong></span> <span class='ocrx_word' id='word_1_66' title='bbox 1057 658 1242 702; x_wconf 85' lang='lat' dir='ltr'><strong>materie</strong></span> <span class='ocrx_word' id='word_1_67' title='bbox 1266 658 1395 703; x_wconf 85' lang='lat' dir='ltr'><strong>tenui</strong></span> <span class='ocrx_word' id='word_1_68' title='bbox 1419 660 1710 718; x_wconf 81' lang='lat' dir='ltr'><strong>repletorum.</strong></span> <span class='ocrx_word' id='word_1_69' title='bbox 1781 661 1831 708; x_wconf 92' lang='lat' dir='ltr'><strong>Id</strong></span> <span class='ocrx_word' id='word_1_70' title='bbox 1851 675 1960 717; x_wconf 81' lang='lat' dir='ltr'><strong>rete,</strong></span> <span class='ocrx_word' id='word_1_71' title='bbox 1992 681 2046 709; x_wconf 87' lang='lat' dir='ltr'><strong>ex</strong></span> <span class='ocrx_word' id='word_1_72' title='bbox 2063 665 2265 712; x_wconf 83' lang='lat' dir='ltr'><strong>minimis</strong></span> 
     </span>
     <span class='ocr_line' id='line_1_9' title="bbox 205 718 2266 779; baseline 0.004 -11"><span class='ocrx_word' id='word_1_73' title='bbox 205 720 397 769; x_wconf 79' lang='lat' dir='ltr'><strong>vasculis</strong></span> <span class='ocrx_word' id='word_1_74' title='bbox 424 720 606 771; x_wconf 65' lang='lat' dir='ltr'><strong>saelum,</strong></span> <span class='ocrx_word' id='word_1_75' title='bbox 637 719 827 779; x_wconf 86' lang='lat' dir='ltr'><strong>majores</strong></span> <span class='ocrx_word' id='word_1_76' title='bbox 850 721 891 765; x_wconf 69' lang='grc' dir='ltr'><strong>ἅτ</strong></span> <span class='ocrx_word' id='word_1_77' title='bbox 922 722 1066 766; x_wconf 68' lang='grc' dir='ltr'>ῐεέὶοε</span> <span class='ocrx_word' id='word_1_78' title='bbox 1095 718 1367 766; x_wconf 70' lang='lat' dir='ltr'><strong>chorioideae</strong></span> <span class='ocrx_word' id='word_1_79' title='bbox 1392 724 1664 770; x_wconf 87' lang='lat' dir='ltr'><strong>membranae</strong></span> <span class='ocrx_word' id='word_1_80' title='bbox 1701 737 1890 778; x_wconf 84' lang='lat' dir='ltr'><strong>truncos</strong></span> <span class='ocrx_word' id='word_1_81' title='bbox 1920 727 2122 775; x_wconf 87' lang='lat' dir='ltr'><strong>obducit.</strong></span> <span class='ocrx_word' id='word_1_82' title='bbox 2192 730 2266 777; x_wconf 79' lang='lat' dir='ltr'><strong>Eae</strong></span> 
     </span>
     <span class='ocr_line' id='line_1_10' title="bbox 203 784 2266 847; baseline 0.003 -13"><span class='ocrx_word' id='word_1_83' title='bbox 203 787 378 835; x_wconf 80' lang='lat' dir='ltr'><strong>arteriae</strong></span> <span class='ocrx_word' id='word_1_84' title='bbox 408 785 571 832; x_wconf 87' lang='lat' dir='ltr'><strong>ultimo</strong></span> <span class='ocrx_word' id='word_1_85' title='bbox 602 798 760 828; x_wconf 87' lang='lat' dir='ltr'><strong>omnes</strong></span> <span class='ocrx_word' id='word_1_86' title='bbox 794 785 841 828; x_wconf 87' lang='lat' dir='ltr'><strong>in</strong></span> <span class='ocrx_word' id='word_1_87' title='bbox 876 800 1039 843; x_wconf 85' lang='lat' dir='ltr'><strong>eorpus</strong></span> <span class='ocrx_word' id='word_1_88' title='bbox 1062 784 1211 830; x_wconf 86' lang='lat' dir='ltr'><strong>ciliare</strong></span> <span class='ocrx_word' id='word_1_89' title='bbox 1235 799 1500 832; x_wconf 84' lang='lat' dir='ltr'><strong>excurrunt.</strong></span> <span class='ocrx_word' id='word_1_90' title='bbox 1569 789 1702 835; x_wconf 87' lang='lat' dir='ltr'><strong>Iridis</strong></span> <span class='ocrx_word' id='word_1_91' title='bbox 1730 788 1832 836; x_wconf 85' lang='lat' dir='ltr'><strong>duae</strong></span> <span class='ocrx_word' id='word_1_92' title='bbox 1858 792 2159 847; x_wconf 64' lang='lat' dir='ltr'><strong>membrinae,</strong></span> <span class='ocrx_word' id='word_1_93' title='bbox 2191 811 2266 841; x_wconf 78' lang='lat' dir='ltr'><strong>va-</strong></span> 
     </span>
     <span class='ocr_line' id='line_1_11' title="bbox 203 847 2263 917; baseline 0.003 -20"><span class='ocrx_word' id='word_1_94' title='bbox 203 849 247 896; x_wconf 88' lang='lat' dir='ltr'><strong>sa</strong></span> <span class='ocrx_word' id='word_1_95' title='bbox 282 849 525 910; x_wconf 83' lang='lat' dir='ltr'><strong>posteriora</strong></span> <span class='ocrx_word' id='word_1_96' title='bbox 549 847 715 892; x_wconf 85' lang='lat' dir='ltr'><strong>lentis:</strong></span> <span class='ocrx_word' id='word_1_97' title='bbox 751 849 979 894; x_wconf 81' lang='lat' dir='ltr'>anteriora</span> <span class='ocrx_word' id='word_1_98' title='bbox 1015 865 1038 891; x_wconf 88' lang='lat' dir='ltr'><strong>a</strong></span> <span class='ocrx_word' id='word_1_99' title='bbox 1062 864 1249 908; x_wconf 86' lang='lat' dir='ltr'><strong>corpore</strong></span> <span class='ocrx_word' id='word_1_100' title='bbox 1279 850 1452 903; x_wconf 66' lang='lat' dir='ltr'><strong>cibari,</strong></span> <span class='ocrx_word' id='word_1_101' title='bbox 1489 848 1624 898; x_wconf 88' lang='lat' dir='ltr'><strong>semel</strong></span> <span class='ocrx_word' id='word_1_102' title='bbox 1651 852 1768 907; x_wconf 87' lang='lat' dir='ltr'><strong>visa,</strong></span> <span class='ocrx_word' id='word_1_103' title='bbox 1801 855 1850 900; x_wconf 89' lang='lat' dir='ltr'><strong>in</strong></span> <span class='ocrx_word' id='word_1_104' title='bbox 1880 856 2046 901; x_wconf 85' lang='lat' dir='ltr'><strong>lentem</strong></span> <span class='ocrx_word' id='word_1_105' title='bbox 2082 858 2263 917; x_wconf 81' lang='lat' dir='ltr'><strong>crystal-</strong></span> 
     </span>
     <span class='ocr_line' id='line_1_12' title="bbox 201 909 2302 972; baseline 0.005 -11"><span class='ocrx_word' id='word_1_106' title='bbox 201 915 339 961; x_wconf 86' lang='lat' dir='ltr'><strong>linam</strong></span> <span class='ocrx_word' id='word_1_107' title='bbox 359 909 570 959; x_wconf 87' lang='lat' dir='ltr'><strong>demersa.</strong></span> <span class='ocrx_word' id='word_1_108' title='bbox 641 911 850 958; x_wconf 85' lang='lat' dir='ltr'><strong>Circulus</strong></span> <span class='ocrx_word' id='word_1_109' title='bbox 873 909 1132 968; x_wconf 85' lang='lat' dir='ltr'><strong>vasculosus</strong></span> <span class='ocrx_word' id='word_1_110' title='bbox 1148 911 1436 961; x_wconf 70' lang='lat' dir='ltr'><strong>tenuissimus</strong></span> <span class='ocrx_word' id='word_1_111' title='bbox 1453 949 1465 968; x_wconf 89' lang='lat'>‚</span> <span class='ocrx_word' id='word_1_112' title='bbox 1505 916 1619 962; x_wconf 87' lang='lat' dir='ltr'><strong>circa</strong></span> <span class='ocrx_word' id='word_1_113' title='bbox 1632 934 1843 964; x_wconf 89' lang='lat' dir='ltr'><strong>corneam</strong></span> <span class='ocrx_word' id='word_1_114' title='bbox 1857 920 2058 966; x_wconf 85' lang='lat' dir='ltr'><strong>tunicam</strong></span> <span class='ocrx_word' id='word_1_115' title='bbox 2076 921 2258 969; x_wconf 63' lang='lat' dir='ltr'><strong>dustus.</strong></span> <span class='ocrx_word' id='word_1_116' title='bbox 2300 970 2302 972; x_wconf 85' lang='grc'><strong>,</strong></span> 
     </span>
     <span class='ocr_line' id='line_1_13' title="bbox 200 972 2265 1039; baseline 0.004 -15"><span class='ocrx_word' id='word_1_117' title='bbox 200 978 343 1024; x_wconf 82' lang='lat' dir='ltr'><strong>Fibrae</strong></span> <span class='ocrx_word' id='word_1_118' title='bbox 369 973 632 1023; x_wconf 60' lang='lat' dir='ltr'><strong>transversae</strong></span> <span class='ocrx_word' id='word_1_119' title='bbox 662 972 773 1034; x_wconf 80' lang='lat' dir='ltr'>septi</span> <span class='ocrx_word' id='word_1_120' title='bbox 803 975 1022 1028; x_wconf 73' lang='lat' dir='ltr'><strong>cochleae,</strong></span> <span class='ocrx_word' id='word_1_121' title='bbox 1063 977 1384 1024; x_wconf 83' lang='lat' dir='ltr'><strong>vera-auditus</strong></span> <span class='ocrx_word' id='word_1_122' title='bbox 1416 995 1585 1039; x_wconf 79' lang='lat' dir='ltr'><strong>organa</strong></span> <span class='ocrx_word' id='word_1_123' title='bbox 1603 1015 1615 1033; x_wconf 82' lang='lat'>,</span> <span class='ocrx_word' id='word_1_124' title='bbox 1653 982 1763 1028; x_wconf 86' lang='lat' dir='ltr'><strong>dum</strong></span> <span class='ocrx_word' id='word_1_125' title='bbox 1785 998 1952 1030; x_wconf 87' lang='lat' dir='ltr'><strong>nervos</strong></span> <span class='ocrx_word' id='word_1_126' title='bbox 1971 982 2054 1030; x_wconf 82' lang='lat' dir='ltr'><strong>fibi</strong></span> <span class='ocrx_word' id='word_1_127' title='bbox 2086 986 2265 1032; x_wconf 88' lang='lat' dir='ltr'><strong>incum-</strong></span> 
     </span>
     <span class='ocr_line' id='line_1_14' title="bbox 198 1038 2261 1104; baseline 0.005 -17"><span class='ocrx_word' id='word_1_128' title='bbox 198 1042 354 1087; x_wconf 87' lang='lat' dir='ltr'><strong>bentes</strong></span> <span class='ocrx_word' id='word_1_129' title='bbox 392 1039 482 1087; x_wconf 87' lang='lat' dir='ltr'><strong>suis</strong></span> <span class='ocrx_word' id='word_1_130' title='bbox 511 1038 872 1087; x_wconf 86' lang='lat' dir='ltr'><strong>oscillationibus</strong></span> <span class='ocrx_word' id='word_1_131' title='bbox 906 1040 1195 1087; x_wconf 86' lang='lat' dir='ltr'><strong>concutiunt.</strong></span> <span class='ocrx_word' id='word_1_132' title='bbox 1258 1041 1384 1088; x_wconf 73' lang='lat' dir='ltr'><strong>vPori</strong></span> <span class='ocrx_word' id='word_1_133' title='bbox 1421 1059 1501 1103; x_wconf 88' lang='lat' dir='ltr'><strong>per</strong></span> <span class='ocrx_word' id='word_1_134' title='bbox 1539 1060 1654 1104; x_wconf 86' lang='lat' dir='ltr'><strong>quos</strong></span> <span class='ocrx_word' id='word_1_135' title='bbox 1682 1062 1835 1094; x_wconf 85' lang='lat' dir='ltr'><strong>ramus</strong></span> <span class='ocrx_word' id='word_1_136' title='bbox 1866 1048 2014 1096; x_wconf 87' lang='lat' dir='ltr'><strong>mollis</strong></span> <span class='ocrx_word' id='word_1_137' title='bbox 2050 1049 2100 1096; x_wconf 89' lang='lat' dir='ltr'><strong>in</strong></span> <span class='ocrx_word' id='word_1_138' title='bbox 2130 1048 2261 1098; x_wconf 40' lang='lat' dir='ltr'><strong>coch*</strong></span> 
     </span>
     <span class='ocr_line' id='line_1_15' title="bbox 196 1102 1606 1152; baseline 0.003 0"><span class='ocrx_word' id='word_1_139' title='bbox 196 1102 313 1152; x_wconf 86' lang='lat' dir='ltr'><strong>leam</strong></span> <span class='ocrx_word' id='word_1_140' title='bbox 344 1103 481 1151; x_wconf 81' lang='lat' dir='ltr'><strong>subit.</strong></span> <span class='ocrx_word' id='word_1_141' title='bbox 1603 1107 1606 1108; x_wconf 38' lang='lat'><em>⁷</em></span> 
     </span>
    </p>
   </div>
   <div class='ocr_carea' id='block_1_4' title="bbox 192 1185 2261 1685">
    <p class='ocr_par' dir='ltr' id='par_1_4' title="bbox 192 1185 2261 1685">
     <span class='ocr_line' id='line_1_16' title="bbox 323 1185 2261 1252; baseline 0.006 -18"><span class='ocrx_word' id='word_1_142' title='bbox 323 1189 395 1234; x_wconf 89' lang='lat' dir='ltr'><strong>De</strong></span> <span class='ocrx_word' id='word_1_143' title='bbox 427 1185 545 1234; x_wconf 84' lang='lat' dir='ltr'><strong>oculo</strong></span> <span class='ocrx_word' id='word_1_144' title='bbox 566 1201 700 1246; x_wconf 83' lang='lat' dir='ltr'><strong>porro</strong></span> <span class='ocrx_word' id='word_1_145' title='bbox 722 1186 960 1247; x_wconf 81' lang='lat' dir='ltr'><strong>aliquoties</strong></span> <span class='ocrx_word' id='word_1_146' title='bbox 979 1187 1068 1249; x_wconf 78' lang='lat' dir='ltr'><strong>egit</strong></span> <span class='ocrx_word' id='word_1_147' title='bbox 1092 1187 1140 1233; x_wconf 90' lang='lat' dir='ltr'><strong>in</strong></span> <span class='ocrx_word' id='word_1_148' title='bbox 1164 1188 1401 1236; x_wconf 85' lang='lat' dir='ltr'><strong>Societatis</strong></span> <span class='ocrx_word' id='word_1_149' title='bbox 1426 1190 1581 1252; x_wconf 83' lang='lat' dir='ltr'><strong>Regiae</strong></span> <span class='ocrx_word' id='word_1_150' title='bbox 1604 1191 1906 1242; x_wconf 84' lang='lat' dir='ltr'><strong>Scientiarum</strong></span> <span class='ocrx_word' id='word_1_151' title='bbox 1927 1198 2261 1246; x_wconf 51' lang='lat' dir='ltr'><strong>monumentis}</strong></span> 
     </span>
     <span class='ocr_line' id='line_1_17' title="bbox 195 1249 2258 1318; baseline 0.003 -18"><span class='ocrx_word' id='word_1_152' title='bbox 195 1254 251 1301; x_wconf 84' lang='lat' dir='ltr'><strong>In</strong></span> <span class='ocrx_word' id='word_1_153' title='bbox 276 1254 331 1300; x_wconf 89' lang='lat' dir='ltr'><strong>T.</strong></span> <span class='ocrx_word' id='word_1_154' title='bbox 357 1252 437 1298; x_wconf 92' lang='grc' dir='ltr'>ΙΙΙ.</span> <span class='ocrx_word' id='word_1_155' title='bbox 465 1251 520 1296; x_wconf 88' lang='lat' dir='ltr'><strong>de</strong></span> <span class='ocrx_word' id='word_1_156' title='bbox 542 1249 773 1296; x_wconf 85' lang='lat' dir='ltr'><strong>sclerotica</strong></span> <span class='ocrx_word' id='word_1_157' title='bbox 802 1253 954 1297; x_wconf 87' lang='lat' dir='ltr'><strong>tunica</strong></span> <span class='ocrx_word' id='word_1_158' title='bbox 974 1286 986 1304; x_wconf 87' lang='lat'>,</span> <span class='ocrx_word' id='word_1_159' title='bbox 1023 1269 1118 1297; x_wconf 88' lang='lat' dir='ltr'><strong>eam</strong></span> <span class='ocrx_word' id='word_1_160' title='bbox 1143 1265 1277 1312; x_wconf 81' lang='lat' dir='ltr'><strong>negat</strong></span> <span class='ocrx_word' id='word_1_161' title='bbox 1303 1252 1434 1314; x_wconf 89' lang='lat' dir='ltr'><strong>super</strong></span> <span class='ocrx_word' id='word_1_162' title='bbox 1452 1258 1636 1303; x_wconf 90' lang='lat' dir='ltr'><strong>oculum</strong></span> <span class='ocrx_word' id='word_1_163' title='bbox 1658 1260 1867 1318; x_wconf 79' lang='lat' dir='ltr'><strong>expandi.</strong></span> <span class='ocrx_word' id='word_1_164' title='bbox 1937 1261 2258 1309; x_wconf 83' lang='lat' dir='ltr'><strong>Chorioideam</strong></span> 
     </span>
     <span class='ocr_line' id='line_1_18' title="bbox 198 1315 2259 1377; baseline 0.004 -13"><span class='ocrx_word' id='word_1_165' title='bbox 198 1334 295 1364; x_wconf 82' lang='lat' dir='ltr'><strong>non</strong></span> <span class='ocrx_word' id='word_1_166' title='bbox 317 1316 427 1362; x_wconf 87' lang='lat' dir='ltr'><strong>oriri</strong></span> <span class='ocrx_word' id='word_1_167' title='bbox 450 1332 504 1361; x_wconf 86' lang='lat' dir='ltr'><strong>ex</strong></span> <span class='ocrx_word' id='word_1_168' title='bbox 526 1315 598 1375; x_wconf 88' lang='lat' dir='ltr'><strong>pia</strong></span> <span class='ocrx_word' id='word_1_169' title='bbox 624 1315 905 1368; x_wconf 83' lang='lat' dir='ltr'><strong>membrana,</strong></span> <span class='ocrx_word' id='word_1_170' title='bbox 945 1332 1103 1362; x_wconf 88' lang='lat' dir='ltr'><strong>verum</strong></span> <span class='ocrx_word' id='word_1_171' title='bbox 1135 1318 1320 1377; x_wconf 89' lang='lat' dir='ltr'><strong>proprio</strong></span> <span class='ocrx_word' id='word_1_172' title='bbox 1356 1320 1496 1365; x_wconf 90' lang='lat' dir='ltr'><strong>anulo</strong></span> <span class='ocrx_word' id='word_1_173' title='bbox 1535 1338 1558 1367; x_wconf 89' lang='lat' dir='ltr'><strong>a</strong></span> <span class='ocrx_word' id='word_1_174' title='bbox 1588 1320 1818 1369; x_wconf 87' lang='lat' dir='ltr'><strong>sclerotica</strong></span> <span class='ocrx_word' id='word_1_175' title='bbox 1850 1323 1969 1371; x_wconf 86' lang='lat' dir='ltr'><strong>nasci</strong></span> <span class='ocrx_word' id='word_1_176' title='bbox 2002 1326 2050 1371; x_wconf 90' lang='lat' dir='ltr'><strong>in</strong></span> <span class='ocrx_word' id='word_1_177' title='bbox 2083 1328 2259 1374; x_wconf 84' lang='lat' dir='ltr'><strong>ambitu</strong></span> 
     </span>
     <span class='ocr_line' id='line_1_19' title="bbox 197 1379 2259 1443; baseline 0.002 -16"><span class='ocrx_word' id='word_1_178' title='bbox 197 1382 396 1443; x_wconf 67' lang='lat' dir='ltr'><strong>papillae,</strong></span> <span class='ocrx_word' id='word_1_179' title='bbox 434 1396 522 1440; x_wconf 86' lang='lat' dir='ltr'><strong>qua</strong></span> <span class='ocrx_word' id='word_1_180' title='bbox 546 1380 692 1425; x_wconf 83' lang='lat' dir='ltr'><strong>retina</strong></span> <span class='ocrx_word' id='word_1_181' title='bbox 721 1380 771 1424; x_wconf 86' lang='lat' dir='ltr'><strong>in</strong></span> <span class='ocrx_word' id='word_1_182' title='bbox 804 1381 991 1426; x_wconf 86' lang='lat' dir='ltr'><strong>oculum</strong></span> <span class='ocrx_word' id='word_1_183' title='bbox 1020 1379 1155 1427; x_wconf 84' lang='lat' dir='ltr'><strong>subit.</strong></span> <span class='ocrx_word' id='word_1_184' title='bbox 1234 1382 1311 1428; x_wconf 91' lang='lat' dir='ltr'><strong>Pia</strong></span> <span class='ocrx_word' id='word_1_185' title='bbox 1328 1394 1469 1429; x_wconf 87' lang='lat' dir='ltr'><strong>mater</strong></span> <span class='ocrx_word' id='word_1_186' title='bbox 1489 1385 1582 1432; x_wconf 86' lang='lat' dir='ltr'><strong>abit</strong></span> <span class='ocrx_word' id='word_1_187' title='bbox 1597 1386 1647 1432; x_wconf 88' lang='lat' dir='ltr'><strong>in</strong></span> <span class='ocrx_word' id='word_1_188' title='bbox 1668 1388 1870 1434; x_wconf 87' lang='lat' dir='ltr'><strong>tunicam</strong></span> <span class='ocrx_word' id='word_1_189' title='bbox 1891 1387 2060 1436; x_wconf 84' lang='lat' dir='ltr'><strong>fuscam</strong></span> <span class='ocrx_word' id='word_1_190' title='bbox 2083 1392 2147 1437; x_wconf 83' lang='lat' dir='ltr'><strong>LE</strong></span> <span class='ocrx_word' id='word_1_191' title='bbox 2164 1391 2259 1439; x_wconf 73' lang='lat' dir='ltr'><strong>CA-</strong></span> 
     </span>
     <span class='ocr_line' id='line_1_20' title="bbox 196 1443 2258 1510; baseline -0.006 -18"><span class='ocrx_word' id='word_1_192' title='bbox 196 1460 289 1493; x_wconf 85' lang='lat' dir='ltr'>T11.</span> <span class='ocrx_word' id='word_1_193' title='bbox 356 1445 570 1491; x_wconf 78' lang='lat' dir='ltr'><strong>Retinam</strong></span> <span class='ocrx_word' id='word_1_194' title='bbox 607 1443 687 1489; x_wconf 85' lang='lat' dir='ltr'><strong>effe</strong></span> <span class='ocrx_word' id='word_1_195' title='bbox 725 1443 983 1490; x_wconf 86' lang='lat' dir='ltr'><strong>cellulosam</strong></span> <span class='ocrx_word' id='word_1_196' title='bbox 1015 1447 1175 1498; x_wconf 87' lang='lat' dir='ltr'><strong>telam,</strong></span> <span class='ocrx_word' id='word_1_197' title='bbox 1216 1445 1266 1491; x_wconf 87' lang='lat' dir='ltr'><strong>in</strong></span> <span class='ocrx_word' id='word_1_198' title='bbox 1303 1463 1394 1507; x_wconf 83' lang='lat' dir='ltr'><strong>qua</strong></span> <span class='ocrx_word' id='word_1_199' title='bbox 1432 1450 1474 1494; x_wconf 55' lang='grc' dir='ltr'>ἃ</span> <span class='ocrx_word' id='word_1_200' title='bbox 1509 1447 1611 1496; x_wconf 63' lang='lat' dir='ltr'><strong>vasa</strong></span> <span class='ocrx_word' id='word_1_201' title='bbox 1645 1451 1798 1510; x_wconf 60' lang='lat' dir='ltr'><strong>jacent</strong></span> <span class='ocrx_word' id='word_1_202' title='bbox 1829 1455 1871 1499; x_wconf 83' lang='lat'>&amp;</span> <span class='ocrx_word' id='word_1_203' title='bbox 1910 1470 2085 1500; x_wconf 65' lang='lat' dir='ltr'><strong>nerveae</strong></span> <span class='ocrx_word' id='word_1_204' title='bbox 2114 1453 2258 1505; x_wconf 50' lang='lat' dir='ltr'>fibrae·</span> 
     </span>
     <span class='ocr_line' id='line_1_21' title="bbox 196 1506 2259 1577; baseline 0.001 -20"><span class='ocrx_word' id='word_1_205' title='bbox 196 1510 345 1570; x_wconf 84' lang='lat' dir='ltr'><strong>Origo</strong></span> <span class='ocrx_word' id='word_1_206' title='bbox 372 1506 681 1555; x_wconf 88' lang='lat' dir='ltr'><strong>musculorum</strong></span> <span class='ocrx_word' id='word_1_207' title='bbox 704 1510 857 1555; x_wconf 87' lang='lat' dir='ltr'><strong>oculi:</strong></span> <span class='ocrx_word' id='word_1_208' title='bbox 893 1507 1097 1567; x_wconf 85' lang='lat' dir='ltr'><strong>superior</strong></span> <span class='ocrx_word' id='word_1_209' title='bbox 1126 1507 1249 1556; x_wconf 90' lang='lat' dir='ltr'><strong>solus</strong></span> <span class='ocrx_word' id='word_1_210' title='bbox 1279 1528 1304 1556; x_wconf 88' lang='lat' dir='ltr'><strong>a</strong></span> <span class='ocrx_word' id='word_1_211' title='bbox 1324 1511 1437 1558; x_wconf 88' lang='lat' dir='ltr'><strong>dura</strong></span> <span class='ocrx_word' id='word_1_212' title='bbox 1460 1515 1721 1561; x_wconf 85' lang='lat' dir='ltr'><strong>membrana</strong></span> <span class='ocrx_word' id='word_1_213' title='bbox 1741 1518 1944 1577; x_wconf 88' lang='lat' dir='ltr'><strong>opticum</strong></span> <span class='ocrx_word' id='word_1_214' title='bbox 1976 1534 2171 1564; x_wconf 84' lang='lat' dir='ltr'><strong>nervum</strong></span> <span class='ocrx_word' id='word_1_215' title='bbox 2192 1531 2259 1566; x_wconf 88' lang='lat' dir='ltr'><strong>te-</strong></span> 
     </span>
     <span class='ocr_line' id='line_1_22' title="bbox 195 1573 2258 1646; baseline 0.006 -27"><span class='ocrx_word' id='word_1_216' title='bbox 195 1586 329 1636; x_wconf 89' lang='lat' dir='ltr'><strong>gente</strong></span> <span class='ocrx_word' id='word_1_217' title='bbox 359 1573 534 1634; x_wconf 85' lang='lat' dir='ltr'><strong>prodit,</strong></span> <span class='ocrx_word' id='word_1_218' title='bbox 585 1573 695 1618; x_wconf 65' lang='lat' dir='ltr'><strong>redii</strong></span> <span class='ocrx_word' id='word_1_219' title='bbox 725 1589 780 1618; x_wconf 86' lang='lat' dir='ltr'><strong>ex</strong></span> <span class='ocrx_word' id='word_1_220' title='bbox 817 1574 1053 1620; x_wconf 86' lang='lat' dir='ltr'><strong>communi</strong></span> <span class='ocrx_word' id='word_1_221' title='bbox 1089 1574 1274 1621; x_wconf 87' lang='lat' dir='ltr'><strong>tendine</strong></span> <span class='ocrx_word' id='word_1_222' title='bbox 1300 1574 1382 1623; x_wconf 89' lang='lat' dir='ltr'><strong>sub</strong></span> <span class='ocrx_word' id='word_1_223' title='bbox 1415 1578 1567 1639; x_wconf 88' lang='lat' dir='ltr'><strong>optico</strong></span> <span class='ocrx_word' id='word_1_224' title='bbox 1601 1595 1771 1634; x_wconf 83' lang='lat' dir='ltr'><strong>nervo,</strong></span> <span class='ocrx_word' id='word_1_225' title='bbox 1811 1581 2026 1643; x_wconf 86' lang='lat' dir='ltr'><strong>obliquus</strong></span> <span class='ocrx_word' id='word_1_226' title='bbox 2053 1581 2258 1646; x_wconf 83' lang='lat' dir='ltr'><strong>superior</strong></span> 
     </span>
     <span class='ocr_line' id='line_1_23' title="bbox 192 1637 731 1685; baseline -0.006 0"><span class='ocrx_word' id='word_1_227' title='bbox 192 1655 247 1685; x_wconf 86' lang='lat' dir='ltr'><strong>ex</strong></span> <span class='ocrx_word' id='word_1_228' title='bbox 272 1638 532 1684; x_wconf 82' lang='lat' dir='ltr'><strong>membrana</strong></span> <span class='ocrx_word' id='word_1_229' title='bbox 559 1637 731 1682; x_wconf 84' lang='lat' dir='ltr'><strong>orbitae.</strong></span> 
     </span>
    </p>
   </div>
   <div class='ocr_carea' id='block_1_5' title="bbox 189 1718 2257 2177">
    <p class='ocr_par' dir='ltr' id='par_1_5' title="bbox 189 1718 2257 2177">
     <span class='ocr_line' id='line_1_24' title="bbox 323 1718 2257 1777; baseline 0.006 -12"><span class='ocrx_word' id='word_1_230' title='bbox 323 1720 380 1766; x_wconf 90' lang='lat' dir='ltr'><strong>In</strong></span> <span class='ocrx_word' id='word_1_231' title='bbox 399 1720 454 1766; x_wconf 92' lang='lat' dir='ltr'><strong>T.</strong></span> <span class='ocrx_word' id='word_1_232' title='bbox 472 1719 554 1765; x_wconf 89' lang='lat' dir='ltr'><strong>IV.</strong></span> <span class='ocrx_word' id='word_1_233' title='bbox 589 1718 850 1765; x_wconf 87' lang='lat' dir='ltr'><strong>eorumdem</strong></span> <span class='ocrx_word' id='word_1_234' title='bbox 878 1722 1327 1770; x_wconf 83' lang='lat' dir='ltr'><strong>commentariorum.</strong></span> <span class='ocrx_word' id='word_1_235' title='bbox 1395 1725 1466 1770; x_wconf 89' lang='lat' dir='ltr'><strong>De</strong></span> <span class='ocrx_word' id='word_1_236' title='bbox 1506 1724 1678 1773; x_wconf 81' lang='lat' dir='ltr'><strong>diversa</strong></span> <span class='ocrx_word' id='word_1_237' title='bbox 1709 1725 1875 1775; x_wconf 83' lang='lat' dir='ltr'><strong>fabrica</strong></span> <span class='ocrx_word' id='word_1_238' title='bbox 1911 1730 2033 1776; x_wconf 85' lang='lat' dir='ltr'><strong>oculi</strong></span> <span class='ocrx_word' id='word_1_239' title='bbox 2072 1729 2121 1776; x_wconf 86' lang='lat' dir='ltr'><strong>in</strong></span> <span class='ocrx_word' id='word_1_240' title='bbox 2160 1731 2257 1777; x_wconf 83' lang='lat' dir='ltr'><strong>ani-</strong></span> 
     </span>
     <span class='ocr_line' id='line_1_25' title="bbox 193 1782 2257 1847; baseline 0.004 -14"><span class='ocrx_word' id='word_1_241' title='bbox 193 1786 386 1834; x_wconf 77' lang='lat' dir='ltr'><strong>malibus</strong></span> <span class='ocrx_word' id='word_1_242' title='bbox 424 1786 466 1829; x_wconf 79' lang='lat'>&amp;</span> <span class='ocrx_word' id='word_1_243' title='bbox 504 1784 553 1828; x_wconf 89' lang='lat' dir='ltr'><strong>in</strong></span> <span class='ocrx_word' id='word_1_244' title='bbox 580 1782 787 1829; x_wconf 85' lang='lat' dir='ltr'><strong>homine.</strong></span> <span class='ocrx_word' id='word_1_245' title='bbox 870 1785 1246 1834; x_wconf 87' lang='lat' dir='ltr'><strong>Membranarum</strong></span> <span class='ocrx_word' id='word_1_246' title='bbox 1277 1789 1531 1837; x_wconf 84' lang='lat' dir='ltr'><strong>varietates.</strong></span> <span class='ocrx_word' id='word_1_247' title='bbox 1602 1791 1904 1847; x_wconf 81' lang='lat' dir='ltr'><strong>Chorioidea‚</strong></span> <span class='ocrx_word' id='word_1_248' title='bbox 1941 1795 2079 1840; x_wconf 88' lang='lat' dir='ltr'><strong>unica</strong></span> <span class='ocrx_word' id='word_1_249' title='bbox 2117 1811 2257 1841; x_wconf 83' lang='lat' dir='ltr'><strong>mem-</strong></span> 
     </span>
     <span class='ocr_line' id='line_1_26' title="bbox 190 1846 2256 1918; baseline 0.004 -21"><span class='ocrx_word' id='word_1_250' title='bbox 190 1852 360 1902; x_wconf 79' lang='lat' dir='ltr'><strong>brana,</strong></span> <span class='ocrx_word' id='word_1_251' title='bbox 398 1846 655 1894; x_wconf 87' lang='lat' dir='ltr'><strong>antrorsum</strong></span> <span class='ocrx_word' id='word_1_252' title='bbox 681 1848 866 1895; x_wconf 86' lang='lat' dir='ltr'><strong>tenuior</strong></span> <span class='ocrx_word' id='word_1_253' title='bbox 895 1849 950 1895; x_wconf 87' lang='lat' dir='ltr'><strong>ad</strong></span> <span class='ocrx_word' id='word_1_254' title='bbox 983 1866 1146 1910; x_wconf 87' lang='lat' dir='ltr'><strong>corpus</strong></span> <span class='ocrx_word' id='word_1_255' title='bbox 1176 1853 1327 1899; x_wconf 86' lang='lat' dir='ltr'><strong>ciliare</strong></span> <span class='ocrx_word' id='word_1_256' title='bbox 1354 1853 1449 1900; x_wconf 82' lang='lat' dir='ltr'><strong>abit</strong></span> <span class='ocrx_word' id='word_1_257' title='bbox 1473 1873 1483 1899; x_wconf 89' lang='lat'>:</span> <span class='ocrx_word' id='word_1_258' title='bbox 1518 1854 1595 1902; x_wconf 83' lang='lat' dir='ltr'><strong>iris</strong></span> <span class='ocrx_word' id='word_1_259' title='bbox 1620 1854 1698 1902; x_wconf 89' lang='lat' dir='ltr'><strong>sua</strong></span> <span class='ocrx_word' id='word_1_260' title='bbox 1725 1859 1765 1903; x_wconf 67' lang='lat' dir='ltr'><strong>Sc</strong></span> <span class='ocrx_word' id='word_1_261' title='bbox 1795 1858 1975 1918; x_wconf 86' lang='lat' dir='ltr'><strong>propria</strong></span> <span class='ocrx_word' id='word_1_262' title='bbox 1994 1858 2256 1905; x_wconf 82' lang='lat' dir='ltr'><strong>membrana</strong></span> 
     </span>
     <span class='ocr_line' id='line_1_27' title="bbox 193 1911 2254 1984; baseline 0.004 -23"><span class='ocrx_word' id='word_1_263' title='bbox 193 1915 284 1961; x_wconf 83' lang='lat' dir='ltr'><strong>est:</strong></span> <span class='ocrx_word' id='word_1_264' title='bbox 321 1915 416 1972; x_wconf 75' lang='lat' dir='ltr'><strong>ejus</strong></span> <span class='ocrx_word' id='word_1_265' title='bbox 450 1914 626 1958; x_wconf 86' lang='lat' dir='ltr'><strong>colores</strong></span> <span class='ocrx_word' id='word_1_266' title='bbox 657 1929 680 1957; x_wconf 90' lang='lat' dir='ltr'><strong>a</strong></span> <span class='ocrx_word' id='word_1_267' title='bbox 712 1912 863 1959; x_wconf 82' lang='lat' dir='ltr'><strong>floccis</strong></span> <span class='ocrx_word' id='word_1_268' title='bbox 900 1911 983 1959; x_wconf 82' lang='lat' dir='ltr'><strong>effe</strong></span> <span class='ocrx_word' id='word_1_269' title='bbox 1004 1915 1240 1963; x_wconf 83' lang='lat' dir='ltr'><strong>cellulosis.</strong></span> <span class='ocrx_word' id='word_1_270' title='bbox 1331 1920 1566 1965; x_wconf 81' lang='lat' dir='ltr'><strong>Arteriolae</strong></span> <span class='ocrx_word' id='word_1_271' title='bbox 1601 1919 1884 1968; x_wconf 66' lang='lat' dir='ltr'><strong>chorioideae&#39;</strong></span> <span class='ocrx_word' id='word_1_272' title='bbox 1910 1923 2075 1969; x_wconf 86' lang='lat' dir='ltr'><strong>tunicae</strong></span> <span class='ocrx_word' id='word_1_273' title='bbox 2106 1925 2254 1984; x_wconf 77' lang='lat' dir='ltr'><strong>longae</strong></span> 
     </span>
     <span class='ocr_line' id='line_1_28' title="bbox 191 1975 2246 2047; baseline 0.004 -21"><span class='ocrx_word' id='word_1_274' title='bbox 191 1981 235 2026; x_wconf 64' lang='grc' dir='ltr'><strong>ὃς</strong></span> <span class='ocrx_word' id='word_1_275' title='bbox 255 1979 439 2024; x_wconf 83' lang='lat' dir='ltr'><strong>breves:</strong></span> <span class='ocrx_word' id='word_1_276' title='bbox 477 1978 642 2022; x_wconf 86' lang='lat' dir='ltr'><strong>anulus</strong></span> <span class='ocrx_word' id='word_1_277' title='bbox 663 1975 906 2024; x_wconf 83' lang='lat' dir='ltr'><strong>arteriosus</strong></span> <span class='ocrx_word' id='word_1_278' title='bbox 926 1994 1054 2025; x_wconf 83' lang='lat' dir='ltr'><strong>uveae</strong></span> <span class='ocrx_word' id='word_1_279' title='bbox 1080 1980 1134 2026; x_wconf 68' lang='lat' dir='ltr'><strong>ex&#39;</strong></span> <span class='ocrx_word' id='word_1_280' title='bbox 1148 1982 1355 2041; x_wconf 85' lang='lat' dir='ltr'><strong>utrisque</strong></span> <span class='ocrx_word' id='word_1_281' title='bbox 1382 1995 1541 2036; x_wconf 77' lang='lat' dir='ltr'><strong>natus,</strong></span> <span class='ocrx_word' id='word_1_282' title='bbox 1579 2001 1707 2031; x_wconf 66' lang='lat' dir='ltr'><strong>vente</strong></span> <span class='ocrx_word' id='word_1_283' title='bbox 1734 1985 1972 2033; x_wconf 82' lang='lat' dir='ltr'><strong>vorticosae</strong></span> <span class='ocrx_word' id='word_1_284' title='bbox 1995 1999 2246 2047; x_wconf 78' lang='lat' dir='ltr'><strong>quaternae.</strong></span> 
     </span>
     <span class='ocr_line' id='line_1_29' title="bbox 189 2039 2255 2112; baseline 0.003 -22"><span class='ocrx_word' id='word_1_285' title='bbox 189 2045 386 2091; x_wconf 85' lang='lat' dir='ltr'><strong>Retina:</strong></span> <span class='ocrx_word' id='word_1_286' title='bbox 427 2042 523 2100; x_wconf 88' lang='lat' dir='ltr'><strong>ejus</strong></span> <span class='ocrx_word' id='word_1_287' title='bbox 552 2039 676 2087; x_wconf 72' lang='lat' dir='ltr'><strong>fibrae</strong></span> <span class='ocrx_word' id='word_1_288' title='bbox 703 2043 752 2086; x_wconf 87' lang='lat' dir='ltr'><strong>in</strong></span> <span class='ocrx_word' id='word_1_289' title='bbox 785 2043 968 2102; x_wconf 85' lang='lat' dir='ltr'><strong>lepore:</strong></span> <span class='ocrx_word' id='word_1_290' title='bbox 1008 2047 1173 2091; x_wconf 86' lang='lat' dir='ltr'><strong>anulus</strong></span> <span class='ocrx_word' id='word_1_291' title='bbox 1201 2044 1460 2093; x_wconf 80' lang='lat' dir='ltr'><strong>vasculosus</strong></span> <span class='ocrx_word' id='word_1_292' title='bbox 1493 2050 1695 2109; x_wconf 78' lang='lat' dir='ltr'><strong>ejusdem</strong></span> <span class='ocrx_word' id='word_1_293' title='bbox 1718 2053 1934 2101; x_wconf 84' lang='lat' dir='ltr'><strong>anterior.</strong></span> <span class='ocrx_word' id='word_1_294' title='bbox 2008 2054 2125 2098; x_wconf 81' lang='lat' dir='ltr'><strong>Lens</strong></span> <span class='ocrx_word' id='word_1_295' title='bbox 2156 2068 2255 2112; x_wconf 78' lang='lat' dir='ltr'><strong>cry-</strong></span> 
     </span>
     <span class='ocr_line' id='line_1_30' title="bbox 192 2105 2250 2177; baseline 0.004 -23"><span class='ocrx_word' id='word_1_296' title='bbox 192 2108 365 2154; x_wconf 85' lang='lat' dir='ltr'><strong>stallina</strong></span> <span class='ocrx_word' id='word_1_297' title='bbox 378 2107 428 2152; x_wconf 89' lang='lat' dir='ltr'><strong>in</strong></span> <span class='ocrx_word' id='word_1_298' title='bbox 446 2106 632 2151; x_wconf 85' lang='lat' dir='ltr'><strong>homine</strong></span> <span class='ocrx_word' id='word_1_299' title='bbox 650 2105 811 2166; x_wconf 79' lang='lat' dir='ltr'><strong>exigua</strong></span> <span class='ocrx_word' id='word_1_300' title='bbox 827 2139 839 2160; x_wconf 84' lang='lat'><strong>,</strong></span> <span class='ocrx_word' id='word_1_301' title='bbox 872 2109 912 2153; x_wconf 64' lang='grc' dir='ltr'>ἃ</span> <span class='ocrx_word' id='word_1_302' title='bbox 927 2108 1130 2167; x_wconf 83' lang='lat' dir='ltr'><strong>plenior:</strong></span> <span class='ocrx_word' id='word_1_303' title='bbox 1162 2108 1333 2157; x_wconf 87' lang='lat' dir='ltr'><strong>fabrica</strong></span> <span class='ocrx_word' id='word_1_304' title='bbox 1357 2113 1480 2158; x_wconf 86' lang='lat' dir='ltr'><strong>oculi</strong></span> <span class='ocrx_word' id='word_1_305' title='bbox 1492 2114 1741 2161; x_wconf 84' lang='lat' dir='ltr'><strong>carnivoris</strong></span> <span class='ocrx_word' id='word_1_306' title='bbox 1757 2116 2029 2163; x_wconf 75' lang='lat' dir='ltr'><strong>animalibus</strong></span> <span class='ocrx_word' id='word_1_307' title='bbox 2049 2118 2250 2177; x_wconf 85' lang='lat' dir='ltr'><strong>propior.</strong></span> 
     </span>
    </p>
   </div>
   <div class='ocr_carea' id='block_1_6' title="bbox 162 2186 2254 3008">
    <p class='ocr_par' dir='ltr' id='par_1_6' title="bbox 162 2186 2254 3008">
     <span class='ocr_line' id='line_1_31' title="bbox 321 2186 2254 2259; baseline 0.006 -25"><span class='ocrx_word' id='word_1_308' title='bbox 321 2189 396 2250; x_wconf 86' lang='lat' dir='ltr'><strong>EJ.</strong></span> <span class='ocrx_word' id='word_1_309' title='bbox 434 2186 672 2250; x_wconf 74' lang='lat' dir='ltr'><strong>Descriptio</strong></span> <span class='ocrx_word' id='word_1_310' title='bbox 699 2192 941 2236; x_wconf 79' lang='lat' dir='ltr'><strong>anatomica</strong></span> <span class='ocrx_word' id='word_1_311' title='bbox 968 2191 1079 2237; x_wconf 79' lang='lat' dir='ltr'><strong>oculi</strong></span> <span class='ocrx_word' id='word_1_312' title='bbox 1102 2189 1278 2238; x_wconf 71' lang='lat' dir='ltr'><strong>Immani</strong></span> <span class='ocrx_word' id='word_1_313' title='bbox 1312 2194 1492 2240; x_wconf 74' lang='lat' dir='ltr'><strong>iconibus</strong></span> <span class='ocrx_word' id='word_1_314' title='bbox 1516 2195 1727 2256; x_wconf 75' lang='lat' dir='ltr'><strong>illustrata</strong></span> <span class='ocrx_word' id='word_1_315' title='bbox 1774 2198 1985 2259; x_wconf 75' lang='lat' dir='ltr'><strong>Gorting.</strong></span> <span class='ocrx_word' id='word_1_316' title='bbox 2008 2210 2144 2256; x_wconf 80' lang='lat'><em>1755.</em></span> <span class='ocrx_word' id='word_1_317' title='bbox 2172 2200 2254 2257; x_wconf 53' lang='lat'><strong>4*</strong></span> 
     </span>
     <span class='ocr_line' id='line_1_32' title="bbox 187 2252 2252 2322; baseline 0.004 -21"><span class='ocrx_word' id='word_1_318' title='bbox 187 2253 421 2301; x_wconf 85' lang='lat' dir='ltr'><strong>Eximium</strong></span> <span class='ocrx_word' id='word_1_319' title='bbox 451 2269 564 2312; x_wconf 84' lang='lat' dir='ltr'><strong>opus</strong></span> <span class='ocrx_word' id='word_1_320' title='bbox 581 2287 593 2306; x_wconf 85' lang='lat'>‚</span> <span class='ocrx_word' id='word_1_321' title='bbox 632 2252 762 2311; x_wconf 85' lang='lat' dir='ltr'><strong>cujus</strong></span> <span class='ocrx_word' id='word_1_322' title='bbox 794 2266 1062 2301; x_wconf 86' lang='lat' dir='ltr'><strong>ornamenta</strong></span> <span class='ocrx_word' id='word_1_323' title='bbox 1090 2253 1165 2302; x_wconf 85' lang='lat' dir='ltr'><strong>hic</strong></span> <span class='ocrx_word' id='word_1_324' title='bbox 1194 2273 1291 2302; x_wconf 86' lang='lat' dir='ltr'><strong>non</strong></span> <span class='ocrx_word' id='word_1_325' title='bbox 1315 2269 1531 2316; x_wconf 88' lang='lat' dir='ltr'><strong>poterunt</strong></span> <span class='ocrx_word' id='word_1_326' title='bbox 1558 2277 1640 2319; x_wconf 82' lang='lat' dir='ltr'><strong>pro</strong></span> <span class='ocrx_word' id='word_1_327' title='bbox 1665 2261 1887 2321; x_wconf 77' lang='lat' dir='ltr'><strong>dignitate</strong></span> <span class='ocrx_word' id='word_1_328' title='bbox 1915 2263 2095 2322; x_wconf 80' lang='lat' dir='ltr'><strong>exponi.</strong></span> <span class='ocrx_word' id='word_1_329' title='bbox 2155 2264 2252 2309; x_wconf 89' lang='lat' dir='ltr'><strong>Ple-</strong></span> 
     </span>
     <span class='ocr_line' id='line_1_33' title="bbox 189 2315 2249 2382; baseline 0.004 -18"><span class='ocrx_word' id='word_1_330' title='bbox 189 2334 296 2364; x_wconf 85' lang='lat' dir='ltr'><strong>nam</strong></span> <span class='ocrx_word' id='word_1_331' title='bbox 310 2316 433 2363; x_wconf 88' lang='lat' dir='ltr'><strong>dedit</strong></span> <span class='ocrx_word' id='word_1_332' title='bbox 455 2328 712 2369; x_wconf 87' lang='lat' dir='ltr'><strong>anatomen,</strong></span> <span class='ocrx_word' id='word_1_333' title='bbox 745 2315 909 2377; x_wconf 86' lang='lat' dir='ltr'><strong>absque</strong></span> <span class='ocrx_word' id='word_1_334' title='bbox 936 2317 1229 2382; x_wconf 79' lang='lat' dir='ltr'><strong>physiologia.</strong></span> <span class='ocrx_word' id='word_1_335' title='bbox 1300 2321 1621 2369; x_wconf 66' lang='lat' dir='ltr'><strong>Pulcherrima:</strong></span> <span class='ocrx_word' id='word_1_336' title='bbox 1651 2326 1804 2372; x_wconf 85' lang='lat' dir='ltr'><strong>icones</strong></span> <span class='ocrx_word' id='word_1_337' title='bbox 1828 2345 1840 2378; x_wconf 83' lang='lat'>3</span> <span class='ocrx_word' id='word_1_338' title='bbox 1887 2326 2164 2373; x_wconf 72' lang='lat' dir='ltr'><strong>admirabilis</strong></span> <span class='ocrx_word' id='word_1_339' title='bbox 2195 2327 2249 2373; x_wconf 74' lang='lat' dir='ltr'><strong>il-</strong></span> 
     </span>
     <span class='ocr_line' id='line_1_34' title="bbox 190 2381 2249 2451; baseline 0.004 -23"><span class='ocrx_word' id='word_1_340' title='bbox 190 2383 278 2428; x_wconf 86' lang='lat' dir='ltr'><strong>lius</strong></span> <span class='ocrx_word' id='word_1_341' title='bbox 295 2383 400 2428; x_wconf 88' lang='lat' dir='ltr'><strong>retis</strong></span> <span class='ocrx_word' id='word_1_342' title='bbox 414 2381 888 2436; x_wconf 77' lang='lat' dir='ltr'>L1EBERKUHN1AN1‚</span> <span class='ocrx_word' id='word_1_343' title='bbox 909 2384 1033 2443; x_wconf 87' lang='lat' dir='ltr'><strong>quod</strong></span> <span class='ocrx_word' id='word_1_344' title='bbox 1052 2384 1245 2432; x_wconf 89' lang='lat' dir='ltr'><strong>interius</strong></span> <span class='ocrx_word' id='word_1_345' title='bbox 1261 2385 1487 2434; x_wconf 82' lang='lat' dir='ltr'><strong>incumbit</strong></span> <span class='ocrx_word' id='word_1_346' title='bbox 1505 2387 1775 2436; x_wconf 82' lang='lat' dir='ltr'><strong>chorioideae</strong></span> <span class='ocrx_word' id='word_1_347' title='bbox 1793 2408 1803 2435; x_wconf 77' lang='lat' dir='ltr'><strong>t</strong></span> <span class='ocrx_word' id='word_1_348' title='bbox 1840 2389 2144 2451; x_wconf 85' lang='lat' dir='ltr'><strong>pulcherrima</strong></span> <span class='ocrx_word' id='word_1_349' title='bbox 2164 2392 2249 2436; x_wconf 87' lang='lat' dir='ltr'><strong>alia</strong></span> 
     </span>
     <span class='ocr_line' id='line_1_35' title="bbox 190 2445 2245 2513; baseline 0.004 -21"><span class='ocrx_word' id='word_1_350' title='bbox 190 2446 397 2492; x_wconf 88' lang='lat' dir='ltr'><strong>striarum</strong></span> <span class='ocrx_word' id='word_1_351' title='bbox 427 2445 629 2504; x_wconf 88' lang='lat' dir='ltr'><strong>corporis</strong></span> <span class='ocrx_word' id='word_1_352' title='bbox 663 2446 852 2499; x_wconf 62' lang='lat' dir='ltr'><strong>cibaris,</strong></span> <span class='ocrx_word' id='word_1_353' title='bbox 886 2464 1106 2494; x_wconf 86' lang='lat' dir='ltr'><strong>venarum</strong></span> <span class='ocrx_word' id='word_1_354' title='bbox 1139 2449 1497 2498; x_wconf 81' lang='lat' dir='ltr'><strong>vorticosarum:</strong></span> <span class='ocrx_word' id='word_1_355' title='bbox 1548 2469 1597 2498; x_wconf 87' lang='lat' dir='ltr'><strong>ea</strong></span> <span class='ocrx_word' id='word_1_356' title='bbox 1625 2455 1888 2501; x_wconf 85' lang='lat' dir='ltr'><strong>membrana</strong></span> <span class='ocrx_word' id='word_1_357' title='bbox 1917 2453 2245 2513; x_wconf 85' lang='lat' dir='ltr'><strong>(chorioidea)</strong></span> 
     </span>
     <span class='ocr_line' id='line_1_36' title="bbox 189 2508 2245 2571; baseline 0.003 -14"><span class='ocrx_word' id='word_1_358' title='bbox 189 2511 239 2557; x_wconf 85' lang='lat' dir='ltr'><strong>in</strong></span> <span class='ocrx_word' id='word_1_359' title='bbox 250 2510 437 2556; x_wconf 86' lang='lat' dir='ltr'><strong>homine</strong></span> <span class='ocrx_word' id='word_1_360' title='bbox 454 2508 637 2568; x_wconf 79' lang='lat' dir='ltr'><strong>simplex</strong></span> <span class='ocrx_word' id='word_1_361' title='bbox 654 2508 729 2561; x_wconf 86' lang='lat' dir='ltr'><strong>est,</strong></span> <span class='ocrx_word' id='word_1_362' title='bbox 753 2509 802 2554; x_wconf 87' lang='lat' dir='ltr'><strong>in</strong></span> <span class='ocrx_word' id='word_1_363' title='bbox 818 2512 993 2571; x_wconf 81' lang='lat' dir='ltr'><strong>magnis</strong></span> <span class='ocrx_word' id='word_1_364' title='bbox 1015 2513 1285 2561; x_wconf 84' lang='lat' dir='ltr'><strong>animalibus</strong></span> <span class='ocrx_word' id='word_1_365' title='bbox 1304 2515 1354 2561; x_wconf 88' lang='lat' dir='ltr'><strong>in</strong></span> <span class='ocrx_word' id='word_1_366' title='bbox 1368 2516 1477 2562; x_wconf 89' lang='lat' dir='ltr'><strong>duas</strong></span> <span class='ocrx_word' id='word_1_367' title='bbox 1491 2518 1681 2564; x_wconf 80' lang='lat' dir='ltr'><strong>laminas</strong></span> <span class='ocrx_word' id='word_1_368' title='bbox 1707 2517 1862 2566; x_wconf 69' lang='lat' dir='ltr'><strong>fidilis.</strong></span> <span class='ocrx_word' id='word_1_369' title='bbox 1933 2520 2118 2565; x_wconf 79' lang='lat' dir='ltr'><strong>Corona</strong></span> <span class='ocrx_word' id='word_1_370' title='bbox 2147 2534 2245 2564; x_wconf 53' lang='lat' dir='ltr'><strong>muw</strong></span> 
     </span>
     <span class='ocr_line' id='line_1_37' title="bbox 162 2571 2246 2637; baseline 0.002 -15"><span class='ocrx_word' id='word_1_371' title='bbox 162 2581 167 2584; x_wconf 81' lang='grc'><strong>’</strong></span> <span class='ocrx_word' id='word_1_372' title='bbox 189 2572 304 2622; x_wconf 87' lang='lat' dir='ltr'><strong>cosa.</strong></span> <span class='ocrx_word' id='word_1_373' title='bbox 368 2574 579 2620; x_wconf 89' lang='lat' dir='ltr'><strong>Circulus</strong></span> <span class='ocrx_word' id='word_1_374' title='bbox 596 2571 835 2620; x_wconf 81' lang='lat' dir='ltr'><strong>cribrosus.</strong></span> <span class='ocrx_word' id='word_1_375' title='bbox 886 2576 1051 2621; x_wconf 86' lang='lat' dir='ltr'><strong>Retina</strong></span> <span class='ocrx_word' id='word_1_376' title='bbox 1064 2574 1271 2637; x_wconf 72' lang='lat' dir='ltr'><strong>simplex,</strong></span> <span class='ocrx_word' id='word_1_377' title='bbox 1309 2578 1387 2626; x_wconf 84' lang='lat' dir='ltr'><strong>etsi</strong></span> <span class='ocrx_word' id='word_1_378' title='bbox 1400 2581 1595 2628; x_wconf 87' lang='lat' dir='ltr'><strong>medulla</strong></span> <span class='ocrx_word' id='word_1_379' title='bbox 1611 2585 1807 2629; x_wconf 82' lang='lat' dir='ltr'><strong>exterior</strong></span> <span class='ocrx_word' id='word_1_380' title='bbox 1830 2583 1906 2635; x_wconf 83' lang='lat' dir='ltr'><strong>est,</strong></span> <span class='ocrx_word' id='word_1_381' title='bbox 1938 2582 2039 2628; x_wconf 75' lang='lat' dir='ltr'><strong>vasa</strong></span> <span class='ocrx_word' id='word_1_382' title='bbox 2060 2583 2246 2628; x_wconf 84' lang='lat' dir='ltr'><strong>interio-</strong></span> 
     </span>
     <span class='ocr_line' id='line_1_38' title="bbox 187 2638 2246 2707; baseline 0.003 -22"><span class='ocrx_word' id='word_1_383' title='bbox 187 2655 248 2685; x_wconf 85' lang='lat' dir='ltr'><strong>ra.</strong></span> <span class='ocrx_word' id='word_1_384' title='bbox 315 2639 363 2685; x_wconf 92' lang='lat' dir='ltr'>N</span> <span class='ocrx_word' id='word_1_385' title='bbox 367 2653 429 2683; x_wconf 87' lang='lat' dir='ltr'><strong>on</strong></span> <span class='ocrx_word' id='word_1_386' title='bbox 455 2649 585 2698; x_wconf 87' lang='lat' dir='ltr'><strong>putat</strong></span> <span class='ocrx_word' id='word_1_387' title='bbox 604 2638 797 2683; x_wconf 88' lang='lat' dir='ltr'><strong>retinam</strong></span> <span class='ocrx_word' id='word_1_388' title='bbox 821 2655 924 2684; x_wconf 89' lang='lat' dir='ltr'><strong>cum</strong></span> <span class='ocrx_word' id='word_1_389' title='bbox 947 2640 1066 2686; x_wconf 86' lang='lat' dir='ltr'><strong>lente</strong></span> <span class='ocrx_word' id='word_1_390' title='bbox 1089 2644 1314 2689; x_wconf 62' lang='lat' dir='ltr'><strong>connecti.</strong></span> <span class='ocrx_word' id='word_1_391' title='bbox 1386 2644 1535 2691; x_wconf 87' lang='lat' dir='ltr'><strong>Vitrei</strong></span> <span class='ocrx_word' id='word_1_392' title='bbox 1558 2648 1760 2707; x_wconf 85' lang='lat' dir='ltr'><strong>corporis</strong></span> <span class='ocrx_word' id='word_1_393' title='bbox 1782 2649 1952 2693; x_wconf 84' lang='lat' dir='ltr'><strong>cellulae</strong></span> <span class='ocrx_word' id='word_1_394' title='bbox 1969 2681 1981 2699; x_wconf 73' lang='lat'>‚</span> <span class='ocrx_word' id='word_1_395' title='bbox 2023 2646 2246 2692; x_wconf 86' lang='lat' dir='ltr'><strong>membra-</strong></span> 
     </span>
     <span class='ocr_line' id='line_1_39' title="bbox 187 2703 2246 2770; baseline 0.004 -22"><span class='ocrx_word' id='word_1_396' title='bbox 187 2718 274 2756; x_wconf 87' lang='lat' dir='ltr'><strong>na,</strong></span> <span class='ocrx_word' id='word_1_397' title='bbox 310 2703 476 2748; x_wconf 86' lang='lat' dir='ltr'><strong>anulus</strong></span> <span class='ocrx_word' id='word_1_398' title='bbox 498 2703 690 2749; x_wconf 82' lang='lat' dir='ltr'><strong>PETITI.</strong></span> <span class='ocrx_word' id='word_1_399' title='bbox 775 2703 843 2748; x_wconf 79' lang='lat' dir='ltr'><strong>Ex</strong></span> <span class='ocrx_word' id='word_1_400' title='bbox 870 2704 1030 2750; x_wconf 80' lang='lat' dir='ltr'><strong>arteria</strong></span> <span class='ocrx_word' id='word_1_401' title='bbox 1060 2705 1293 2765; x_wconf 88' lang='lat' dir='ltr'><strong>posteriori</strong></span> <span class='ocrx_word' id='word_1_402' title='bbox 1316 2709 1452 2756; x_wconf 87' lang='lat' dir='ltr'><strong>lentis</strong></span> <span class='ocrx_word' id='word_1_403' title='bbox 1479 2710 1744 2770; x_wconf 65' lang='lat' dir='ltr'><strong>crystallinae</strong></span> <span class='ocrx_word' id='word_1_404' title='bbox 1773 2709 1875 2756; x_wconf 88' lang='lat' dir='ltr'><strong>vasa</strong></span> <span class='ocrx_word' id='word_1_405' title='bbox 1905 2712 1960 2757; x_wconf 87' lang='lat' dir='ltr'><strong>ad</strong></span> <span class='ocrx_word' id='word_1_406' title='bbox 1988 2727 2152 2770; x_wconf 87' lang='lat' dir='ltr'><strong>corpus</strong></span> <span class='ocrx_word' id='word_1_407' title='bbox 2179 2711 2246 2757; x_wconf 87' lang='lat' dir='ltr'><strong>vi-</strong></span> 
     </span>
     <span class='ocr_line' id='line_1_40' title="bbox 187 2764 2244 2830; baseline 0.005 -18"><span class='ocrx_word' id='word_1_408' title='bbox 187 2777 335 2812; x_wconf 88' lang='lat' dir='ltr'><strong>treum</strong></span> <span class='ocrx_word' id='word_1_409' title='bbox 355 2766 588 2813; x_wconf 84' lang='lat' dir='ltr'><strong>tendentia</strong></span> <span class='ocrx_word' id='word_1_410' title='bbox 623 2767 707 2823; x_wconf 89' lang='lat' dir='ltr'><strong>(in</strong></span> <span class='ocrx_word' id='word_1_411' title='bbox 733 2764 928 2827; x_wconf 85' lang='lat' dir='ltr'><strong>piscibus</strong></span> <span class='ocrx_word' id='word_1_412' title='bbox 952 2768 1313 2830; x_wconf 82' lang='lat' dir='ltr'><strong>evidentiffima)</strong></span> <span class='ocrx_word' id='word_1_413' title='bbox 1331 2809 1341 2819; x_wconf 86' lang='lat'><strong>.</strong></span> <span class='ocrx_word' id='word_1_414' title='bbox 1392 2774 1519 2820; x_wconf 88' lang='lat' dir='ltr'><strong>Inter</strong></span> <span class='ocrx_word' id='word_1_415' title='bbox 1539 2775 1727 2821; x_wconf 88' lang='lat' dir='ltr'><strong>laminas</strong></span> <span class='ocrx_word' id='word_1_416' title='bbox 1749 2775 1882 2821; x_wconf 87' lang='lat' dir='ltr'><strong>lentis</strong></span> <span class='ocrx_word' id='word_1_417' title='bbox 1903 2772 2115 2820; x_wconf 86' lang='lat' dir='ltr'><strong>cellulosa</strong></span> <span class='ocrx_word' id='word_1_418' title='bbox 2140 2776 2244 2822; x_wconf 85' lang='lat' dir='ltr'><strong>tela.</strong></span> 
     </span>
     <span class='ocr_line' id='line_1_41' title="bbox 188 2829 2240 2894; baseline 0.004 -18"><span class='ocrx_word' id='word_1_419' title='bbox 188 2829 333 2876; x_wconf 88' lang='lat' dir='ltr'><strong>Nervi</strong></span> <span class='ocrx_word' id='word_1_420' title='bbox 359 2847 501 2878; x_wconf 83' lang='lat' dir='ltr'><strong>uveae.</strong></span> <span class='ocrx_word' id='word_1_421' title='bbox 583 2829 697 2877; x_wconf 89' lang='lat' dir='ltr'><strong>Fuse</strong></span> <span class='ocrx_word' id='word_1_422' title='bbox 724 2831 777 2877; x_wconf 91' lang='lat' dir='ltr'><strong>de</strong></span> <span class='ocrx_word' id='word_1_423' title='bbox 804 2833 932 2878; x_wconf 88' lang='lat' dir='ltr'><strong>venis</strong></span> <span class='ocrx_word' id='word_1_424' title='bbox 957 2834 1104 2887; x_wconf 80' lang='lat' dir='ltr'><strong>oculi,</strong></span> <span class='ocrx_word' id='word_1_425' title='bbox 1140 2852 1332 2894; x_wconf 89' lang='lat' dir='ltr'><strong>quarum</strong></span> <span class='ocrx_word' id='word_1_426' title='bbox 1363 2840 1516 2884; x_wconf 82' lang='lat' dir='ltr'><strong>trunci</strong></span> <span class='ocrx_word' id='word_1_427' title='bbox 1542 2839 1701 2885; x_wconf 88' lang='lat' dir='ltr'><strong>stellati</strong></span> <span class='ocrx_word' id='word_1_428' title='bbox 1731 2837 1839 2884; x_wconf 88' lang='lat' dir='ltr'><strong>sunt</strong></span> <span class='ocrx_word' id='word_1_429' title='bbox 1864 2837 1966 2884; x_wconf 89' lang='lat' dir='ltr'><strong>vasa</strong></span> <span class='ocrx_word' id='word_1_430' title='bbox 1997 2837 2240 2885; x_wconf 87' lang='lat' dir='ltr'><strong>vorticosa.</strong></span> 
     </span>
     <span class='ocr_line' id='line_1_42' title="bbox 190 2891 2245 2965; baseline 0.006 -28"><span class='ocrx_word' id='word_1_431' title='bbox 190 2891 358 2940; x_wconf 89' lang='lat' dir='ltr'><strong>Nullus</strong></span> <span class='ocrx_word' id='word_1_432' title='bbox 383 2897 547 2941; x_wconf 89' lang='lat' dir='ltr'><strong>anulus</strong></span> <span class='ocrx_word' id='word_1_433' title='bbox 568 2894 778 2942; x_wconf 87' lang='lat' dir='ltr'><strong>venosus.</strong></span> <span class='ocrx_word' id='word_1_434' title='bbox 848 2896 1091 2945; x_wconf 79' lang='lat' dir='ltr'><strong>Glandulae</strong></span> <span class='ocrx_word' id='word_1_435' title='bbox 1126 2897 1319 2949; x_wconf 80' lang='lat' dir='ltr'><strong>sebaceae</strong></span> <span class='ocrx_word' id='word_1_436' title='bbox 1347 2903 1678 2964; x_wconf 83' lang='lat' dir='ltr'><strong>palpebrarum.</strong></span> <span class='ocrx_word' id='word_1_437' title='bbox 1747 2903 1893 2949; x_wconf 87' lang='lat' dir='ltr'><strong>Nervi</strong></span> <span class='ocrx_word' id='word_1_438' title='bbox 1914 2903 2037 2951; x_wconf 90' lang='lat' dir='ltr'><strong>oculi</strong></span> <span class='ocrx_word' id='word_1_439' title='bbox 2063 2904 2245 2965; x_wconf 85' lang='lat' dir='ltr'><strong>perpul-</strong></span> 
     </span>
     <span class='ocr_line' id='line_1_43' title="bbox 193 2953 903 3008; baseline 0.01 -7"><span class='ocrx_word' id='word_1_440' title='bbox 193 2953 312 3004; x_wconf 87' lang='lat' dir='ltr'><strong>chre.</strong></span> <span class='ocrx_word' id='word_1_441' title='bbox 363 2958 507 3008; x_wconf 84' lang='lat' dir='ltr'><strong>Pauca</strong></span> <span class='ocrx_word' id='word_1_442' title='bbox 529 2958 624 3007; x_wconf 84' lang='lat' dir='ltr'><strong>haec</strong></span> <span class='ocrx_word' id='word_1_443' title='bbox 653 2976 708 3008; x_wconf 78' lang='lat' dir='ltr'><strong>ex</strong></span> <span class='ocrx_word' id='word_1_444' title='bbox 729 2959 903 3008; x_wconf 87' lang='lat' dir='ltr'><strong>multis.</strong></span> 
     </span>
    </p>
   </div>
   <div class='ocr_carea' id='block_1_7' title="bbox 2131 3050 2246 3098">
    <p class='ocr_par' dir='ltr' id='par_1_7' title="bbox 2131 3050 2246 3098">
     <span class='ocr_line' id='line_1_44' title="bbox 2131 3050 2246 3098; baseline 0 0"><span class='ocrx_word' id='word_1_445' title='bbox 2131 3050 2246 3098; x_wconf 78' lang='lat' dir='ltr'><strong>Prae-</strong></span> 
     </span>
    </p>
   </div>
  </div>
 </body>
</html>
