2531 3394
727 164 730 167 ,
797 104 878 186 ῥς.
916 82 1052 168 1165.
1088 108 1232 156 1106.v
1289 104 1338 156 V
1368 104 1407 154 A
1439 102 1484 154 R
1516 104 1539 153 1-
1571 104 1610 154 Ι.
1846 141 1848 143 ,
2154 118 2247 170 445

196 240 309 302 efflas
339 240 512 288 Genev.
541 243 673 300 ¹749.
695 236 775 293 8.*
840 240 966 285 Dum
988 239 1265 285 curationem
1287 246 1439 282 narrat
1466 233 1583 281 fabri
1605 237 1863 296 paralytici,
1896 239 2020 286 varia
2053 237 2247 285 adnotat

196 305 286 352 huc
310 300 565 364 specstantia.
635 301 870 352 Musculos
901 319 926 348 a
954 301 1146 349 scintilla
1174 303 1316 347 taetus
1347 296 1588 346 subfiluiffe
1609 301 1689 345 &c.
1737 333 1739 336 .
1775 301 2006 349 Tendines
2031 301 2248 350 scintillas

195 369 300 415 dare
320 367 545 478 fsortiores.
615 369 791 416 Verum
825 363 1090 414 numerosos
1114 364 1168 410 de
1192 364 1396 412 electrica
1425 375 1588 411 natura
1612 363 1754 410 libros
1781 364 1900 410 malo
1918 366 2037 413 inter
2065 365 2245 426 physica

195 447 328 480 recen
352 449 438 480 ere.

330 512 492 561 Thomae
519 515 680 561 BIRCH
710 510 778 558 the
810 509 985 557 wisdom
1015 509 1070 571 of
1095 506 1191 558 God
1220 507 1391 571 proved
1406 507 1528 570 from
1560 506 1630 555 the
1651 508 1800 570 frame
1830 510 1885 572 of
1905 527 2003 556 man
2053 510 2248 558 London

200 590 333 638 1749.
364 578 442 636 4*
480 578 548 625 Ad
570 579 824 624 DERHAmi
858 574 1045 620 modum
1070 572 1216 620 sermo
1241 569 1374 619 sacer.
1443 573 1514 618 De
1535 572 1788 620 charactere
1818 573 2077 621 adfectuum
2108 576 2248 622 animi

195 639 326 689 faciei
351 641 555 703 impress'o
576 675 587 694 ,
618 641 697 700 qui
721 639 905 685 mentiri
934 636 1088 684 nescit.
1156 638 1226 684 Ad
1252 637 1390 684 vitam
1409 636 1478 683 CR
1489 650 1599 686 ooN
1609 652 1644 684 11
1666 639 1831 698 aliqua.

324 725 460 774 IDEM
490 733 686 783 quatuor
712 731 862 766 tomos
885 736 939 765 ex
969 719 1202 766 codicibus
1224 719 1339 766 ΜΒ.
1365 718 1598 765 Societatis
1622 719 1776 779 Regiae
1797 719 2027 781 decerptos
2049 718 2207 766 edidit.

321 810 364 854 A
380 803 558 868 general
581 800 896 863 chronological
927 800 1082 863 history
1110 801 1164 862 of
1181 804 1278 853 air,
1317 796 1516 853 mather,
1533 799 1703 859 Jeafims
1725 801 1816 847 and
1836 814 2012 848 meteors
2028 800 2109 862 for
2136 813 2250 859 250.

193 888 322 932 years
341 904 353 923 ‚
398 867 508 915 their
537 865 670 925 effetis
697 883 750 912 on
777 866 940 912 animal
966 865 1165 927 specially
1191 862 1347 910 human
1389 863 1530 910 bodies
1576 864 1770 911 London
1796 879 1929 924 1749.
1971 872 2012 919 8.
2049 864 2247 916 2.V01.*

196 936 405 993 Princeps
441 929 638 976 fontium
657 964 668 983 ‚
704 931 752 978 in
774 930 938 990 quibus
970 932 1128 975 auctor
1157 926 1316 980 hausit,
1348 925 1590 990 theologus
1623 926 1713 975 fuit
1747 931 1934 976 nomine
1967 931 2076 978 SAY.
2143 930 2250 977 Huc

197 996 303 1044 facit
323 997 380 1042 ob
408 993 538 1041 usum
568 993 784 1040 fastorum
811 995 1145 1039 emortualium.

322 1077 554 1124 BARROW
582 1093 673 1122 new
705 1067 931 1121 medicinal
952 1074 1173 1133 diiionary
1196 1077 1441 1136 containing
1468 1090 1527 1120 an
1559 1074 1833 1136 explanation
1860 1074 1915 1138 of
1933 1075 1992 1122 aff
2024 1073 2093 1122 the
2120 1087 2250 1123 terms

194 1140 297 1202 used
318 1145 361 1187 in
376 1140 517 1204 phyfik
552 1139 746 1187 London
773 1151 908 1198 1749.
940 1145 983 1193 8.

324 1220 475 1284 Jofieph
504 1222 791 1274 VIANELL1‚
827 1221 1036 1267 Medicus
1078 1217 1198 1266 foffae
1234 1219 1463 1274 Claudiae,
1507 1224 1666 1267 Nuove
1687 1220 1877 1282 scoperte
1895 1225 2067 1270 intorno
2095 1223 2133 1269 le
2166 1222 2252 1270 luci

195 1298 401 1334 notturne
439 1286 531 1332 dell’
566 1303 679 1346 aqua
713 1289 907 1338 marina,
944 1286 1115 1330 Venez.
1143 1297 1274 1343 1749.
1302 1285 1381 1338 8.*
1448 1285 1672 1332 Scintillas
1698 1301 1825 1346 aquae
1859 1286 1995 1333 maris
2032 1285 2250 1335 Adriatici

194 1349 277 1398 effe
306 1368 331 1397 a
352 1365 502 1397 verme
528 1351 713 1396 anulato
732 1383 744 1403 ‚
782 1349 913 1409 cujus
941 1350 1021 1395 lux
1053 1348 1149 1409 post
1176 1362 1370 1396 mortem
1394 1346 1606 1409 superest.

320 1433 363 1495 J.
393 1433 439 1478 B.
464 1433 739 1480 SCARELLAE
769 1431 821 1477 de
845 1429 1048 1492 baptzfino
1069 1429 1284 1491 infantam
1317 1435 1361 1478 in
1386 1442 1510 1476 utero
1551 1431 1707 1493 Utenj.
1736 1445 1871 1492 1749.
1892 1445 1938 1492 4.
1975 1433 2163 1482 Smirn.

326 1518 516 1561 Antonio
551 1515 779 1560 Amnem
815 1514 979 1573 risposta
1018 1513 1277 1575 apologetica
1314 1513 1391 1559 alle
1425 1509 1705 1573 offirvazioni
1741 1514 1813 1560 del
1840 1519 1985 1563 Pietro
2010 1516 2248 1565 CORNAC-

197 1593 342 1627 cumi
364 1578 494 1689 -Gbpra
520 1582 625 1624 certi
649 1577 783 1637 effetti
813 1575 989 1635 morbosi
1025 1578 1278 1624 malaemente
1311 1576 1529 1624 adtributi
1558 1577 1640 1624 alla
1670 1578 1876 1641 impedita
1912 1582 2252 1640 transpirazione

197 1643 370 1693 Amster
404 1659 474 1688 am
501 1654 635 1701 1749.
665 1653 734 1688 12.
1493 1656 1495 1658 ·

330 1724 533 1786 Catalogo
564 1723 615 1769 de
644 1724 703 1770 los
731 1724 858 1770 Aft'os
897 1723 1113 1770 literarios
1142 1722 1192 1770 de
1215 1724 1258 1770 la
1283 1727 1337 1771 R.
1369 1723 1606 1770 Academia
1630 1723 1807 1771 Medica
1840 1724 2109 1787 Madritenfi?
2151 1727 2253 1774 Ma-

195 1789 288 1836 drit
315 1801 444 1846 1749.
524 1788 646 1833 Inter
670 1804 741 1834 eas
771 1787 832 1834 est
867 1785 1069 1835 Thaddaei
1096 1789 1386 1843 ODONNEL,
1414 1789 1733 1848 protomedici‚
1770 1790 2033 1837 exercitatio
2056 1823 2069 1844 ,
2105 1790 2158 1838 de
2185 1792 2250 1837 las

194 1854 342 1913 causas
364 1852 434 1898 del
454 1851 569 1914 pulso
594 1851 703 1899 duro
719 1885 730 1904 ‚
767 1869 819 1897 en
845 1852 884 1897 el
909 1851 1031 1898 dolor
1059 1851 1110 1897 de
1136 1854 1254 1912 costa.

331 1934 475 1981 Caroli
503 1932 676 1996 Augufii
695 1934 868 1981 CRUsn
884 1969 895 1986 ‚
924 1932 1184 1981 Profefforis
1199 1932 1458 1995 Lipsiensis,
1495 1934 1729 1998 Anleitung
1755 1934 1860 1983 iiber
1877 1934 2120 1983 natiirliche
2132 1940 2258 2000 Bege-

197 1996 412 2045 benheiten
437 1995 767 2046 nachzudenken
810 1999 995 2059 Leipzig
1021 2010 1155 2056 1749.
1191 1999 1267 2052 8.*
1333 1995 1645 2059 Physiologica
1669 2000 1802 2045 etiam
1838 2003 2046 2048 continet
2073 2000 2129 2048 de
2157 2003 2253 2049 ani-

196 2063 384 2109 malium
417 2062 695 2114 nutritione,
731 2060 1003 2115 secretione,
1041 2062 1147 2109 vita.
1219 2061 1350 2109 Sedes
1379 2064 1540 2108 animae
1561 2065 1610 2108 in
1633 2064 1828 2110 medulla
1853 2066 2113 2125 oblongata.
2181 2067 2252 2112 De

199 2126 524 2187 generatione:
562 2126 616 2172 In
645 2128 785 2172 ovulo
810 2139 1013 2172 materno
1048 2123 1190 2172 fetum
1224 2125 1565 2186 praeformatum
1590 2125 1685 2174 effe.
1753 2129 1838 2175 Pro
1869 2129 2096 2176 strud'triee
2128 2142 2255 2189 pote-

197 2189 306 2236 state
326 2190 513 2242 animae,
549 2191 591 2236 ἃ
617 2206 698 2249 pro
722 2189 877 2236 naevis.
946 2190 1225 2250 Polyporum
1250 2192 1401 2237 multae
1424 2192 1615 2236 animae:
1650 2190 1911 2252 hypothesis
1936 2193 1989 2239 de
2018 2191 2255 2254 spiralibus

197 2251 505 2299 musculorum
533 2251 672 2299 fibris.
744 2253 1000 2300 Circuitum
1017 2251 1247 2315 sanguinis
1275 2255 1507 2302 Salomoni
1526 2254 1785 2303 innotuiffe.
1850 2258 2050 2304 Mortem
2068 2258 2254 2305 animali

196 2319 447 2363 naturalem
465 2315 552 2377 effe
565 2351 578 2370 ,
609 2333 704 2363 non
727 2315 922 2375 hominii

325 2402 372 2453 J.
393 2401 586 2458 Georgius
604 2399 800 2446 Sum-:R
816 2433 829 2453 ‚
867 2397 1086 2446 Professor
1110 2397 1436 2454 Berolinenfis‚
1473 2400 1542 2447 vir
1573 2400 1756 2448 illustris
1778 2399 2032 2464 summique
2059 2404 2251 2465 ingenii.

198 2463 255 2510 In
268 2466 428 2508 Itinere
445 2464 916 2510 SCHEUCHZEMANO
939 2463 1068 2509 VIII.
1084 2497 1096 2515 ,
1129 2463 1253 2523 quod
1268 2464 1430 2524 Tiguri
1451 2465 1606 2511 recudi
1630 2463 1737 2513 feeit
1760 2483 1797 2513 a,
1822 2465 2051 2526 1749.4.*
2076 2468 2129 2513 de
2155 2484 2252 2513 cor-

200 2542 310 2586 pore
335 2523 538 2571 humano
569 2525 666 2586 post
701 2538 803 2583 ΙςΘ.
833 2543 978 2573 annos
1009 2527 1147 2573 flexili
1174 2529 1215 2573 &
1244 2527 1512 2589 incorrupto
1543 2529 1649 2590 agit.

327 2607 466 2654 IDEM
481 2607 604 2653 varia
628 2607 780 2667 tetigit
802 2605 1093 2666 metaphysici
1115 2609 1386 2668 argumenti,
1415 2611 1458 2657 &
1481 2611 1538 2656 ad
1559 2609 1790 2658 histo-riam
1812 2613 2062 2659 naturalem
2089 2613 2250 2658 anima:

197 2669 468 2732 spectantia,
504 2671 554 2716 in
569 2674 701 2716 Me'm.
727 2669 779 2716 de
800 2670 1036 2716 l'Academ.
1067 2670 1137 2716 des
1160 2675 1345 2719 Sciences
1370 2673 1422 2719 de
1447 2675 1620 2727 Berlin,
1655 2692 1757 2735 quae
1786 2688 1953 2729 tamen,
1977 2674 2054 2721 etsi
2075 2673 2252 2723 summa

202 2749 305 2781 eum
331 2735 381 2781 vi
406 2733 566 2795 judicii
588 2733 706 2780 dicta
730 2732 863 2787 sunt,
899 2736 1035 2795 paulo
1069 2735 1250 2795 longius
1277 2752 1302 2782 a
1331 2737 1486 2787 nostro
1519 2736 1612 2786 fine
1638 2738 1813 2788 absunt.

328 2816 403 2875 EJ.
446 2819 483 2863 V
482 2833 534 2862 on
545 2814 625 2862 den
640 2813 910 2862 Sch'onheiten
922 2814 999 2861 der
1013 2820 1168 2862 Natur
1190 2817 1340 2863 Berlin
1360 2831 1491 2875 1750.
1509 2821 1584 2874 8.*
1637 2820 1808 2866 Contra
1819 2818 2033 2867 fabricam
2049 2821 2252 2880 corporis

204 2878 391 2925 animati
402 2895 456 2925 ex
465 2881 586 2939 jactu
598 2892 688 2926 tem
695 2880 838 2925 erario
850 2891 1018 2926 natam:
1036 2896 1092 2925 ne
1105 2895 1249 2926 unum
1263 2881 1446 2940 quidem
1459 2885 1737 2944 triangulum
1748 2884 2050 2943 aequilaterale
2061 2900 2115 2931 ex
2128 2886 2253 2945 jastu

205 2939 495 2998 nasciturum,
512 2945 657 2991 multo
672 2943 823 2990 minus
836 2944 1013 2991 animal.
1053 2943 1228 2992 Contra
1242 2946 1470 3004 querelam
1490 2947 1544 2994 de
1554 2947 1796 2996 inutilibus
1810 2948 2016 2996 animalis
2030 2949 2253 3011 partibus.

1226 3020 1324 3077 K'k
1351 3028 1388 3074 k
1425 3037 1450 3084 3
2103 3030 2252 3077 GUER
