2531 3394
300 91 397 143 774

296 207 486 260 tinente.
554 208 695 256 Nulla
717 207 1184 270 usquamadnotatiQ
1212 227 1288 256 ne-

298 284 386 330 que
410 272 669 336 peregrina,
702 290 848 334 neque
877 291 1048 336 nupera
1073 276 1120 320 in
1141 274 1287 320 Gallia

297 333 428 380 faeta.
496 336 797 384 Panniculum
821 337 1056 385 carnosum
1077 340 1195 383 inter
1217 339 1287 382 in-

297 399 485 456 volucra
507 403 707 460 corporis
730 400 919 448 humani
940 402 1115 447 retinet.
1159 401 1286 445 Duas

296 462 495 509 laminas.
527 463 648 511 durae
689 467 959 512 membranae
991 462 1159 510 cerebri
1180 460 1288 509 faci-

299 526 342 570 le
374 523 580 586 separari.

419 624 463 668 p.
487 621 575 663 109
610 610 637 655 l.
659 616 684 663 8
718 608 832 655 infra
859 608 938 654 fin.
970 608 1080 654 adde
1104 606 1160 653 ad

518 686 520 689 ’
649 676 925 719 ARLEBOUT

299 737 343 781 ἃ
364 735 616 791 RUYSCHH
649 749 775 796 opera
794 736 966 795 Belgice
989 734 1199 781 reddidit.

387 833 430 876 p.
452 813 540 862 110
575 815 655 862 sub
685 817 710 861 l.
737 828 787 871 15
824 814 955 875 supra
976 814 1181 861 infimam

326 880 449 939 Lego
485 880 537 925 de
564 896 615 925 eo
639 878 864 938 Chirurgo
892 881 933 925 S.
961 876 1166 931 ANDRE‘,
1202 878 1283 925 ho-

294 942 481 994 minem,
517 959 648 1002 quem
678 941 859 1002 sepelire
885 943 1200 1001 properabant,
1228 943 1295 987 ab·

297 1022 350 1050 eo
372 1022 452 1065 pro
480 1007 585 1051 vivo
609 1006 843 1066 adgnitum
867 1005 992 1051 fuiffe
1009 1039 1020 1058 ,
1064 1023 1166 1051 cum
1203 1023 1280 1050 ne-

297 1084 385 1127 que
397 1067 550 1129 pulsus
567 1067 803 1129 superesset
818 1103 829 1123 ‚
856 1086 1003 1129 neque
1030 1068 1279 1129 respiratio,

412 1168 455 1211 p.
484 1161 570 1208 117
605 1149 684 1196 sub
707 1152 738 1197 l.-
759 1163 809 1208 15
850 1150 904 1196 ad
932 1150 1052 1197 Salv.
1085 1154 1156 1197 Fr.

591 1216 826 1262 MORAND
855 1214 966 1260 adde

327 1281 366 1325 A
388 1288 529 1323 morte
546 1278 634 1323 viri
648 1278 918 1337 prodierunt
942 1277 1032 1323 duo
1051 1279 1165 1324 tomi
1182 1291 1283 1339 opu-

285 1341 421 1400 scules
447 1340 499 1386 de
525 1339 739 1402 chirurgiae
763 1342 818 1387 T.
837 1342 870 1387 1.
907 1341 1028 1387 Paris
1047 1348 1180 1399 1768.
1200 1340 1283 1399 4.*

295 1406 428 1451 Vitas
450 1404 515 1450 ibi
535 1403 668 1450 habet
694 1403 940 1450 incisorum
969 1405 1202 1452 VERmER
1239 1408 1281 1453 δε

292 1470 648 1521 GARENGEOT‚
686 1467 1036 1514 differtationem
1072 1469 1125 1514 de
1153 1470 1246 1516 vita
1266 1504 1277 1522 ‚

290 1531 465 1592 scriptis
492 1533 532 1577 &
555 1533 753 1578 inventis
767 1533 1044 1578 HABICOTJ.
1084 1534 1138 1578 In
1150 1535 1203 1579 T.
1222 1535 1278 1579 ΙΙ.

290 1596 411 1642 Paris
432 1607 565 1653 1772.
582 1592 660 1653 4*
681 1595 913 1641 Feminam
930 1595 1053 1648 dicit,
1070 1596 1143 1641 cui
1157 1599 1281 1643 nulla

290 1661 479 1720 vagina,
528 1661 570 1705 &
605 1659 690 1704 alia
727 1661 840 1705 circa
879 1670 1027 1719 partes
1064 1660 1280 1720 genitales

290 1725 405 1769 male
432 1720 634 1769 formata.

419 1821 460 1864 p.
488 1815 572 1858 123
611 1802 707 1863 post
731 1805 1002 1851 OLDFIELD
1024 1804 1135 1851 adde

323 1867 365 1927 J.
387 1868 662 1913 CAMPBELL
673 1866 880 1927 specimen
911 1867 1173 1928 expositionis
1199 1887 1279 1915 me-

292 1929 468 1976 chanica
481 1931 688 1977 affliomtm
703 1935 889 1992 corporis
902 1929 1075 1978 humani
1089 1933 1278 1980 Utrecht

295 2000 431 2052 1713.
458 2007 503 2052 4.

366 2092 410 2135 p.
433 2086 514 2131 131
548 2075 732 2121 titulum
763 2079 797 2128 §.
823 2082 926 2133 876.
953 2077 1049 2137 lege
1066 2078 1125 2123 H.
1145 2077 1193 2124 F.

606 2139 960 2186 Telcnmssvssn.

362 2239 404 2280 p.
431 2231 516 2276 132
551 2217 681 2277 supra
705 2222 811 2266 Ant.
836 2222 1067 2272 MAGNQL
1094 2222 1192 2270 add.

320 2283 503 2330 Heni'ici
522 2284 690 2328 BAGET
718 2289 930 2330 anatomie
951 2286 1147 2346 complete
1196 2288 1275 2334 Pa-

287 2349 349 2396 ris
378 2360 510 2405 1719.
541 2357 612 2392 12.

318 2431 392 2488 EJ.
431 2426 591 2489 defens}
619 2426 688 2472 des
704 2432 870 2488 parties
894 2431 1116 2476 natm-elles
1153 2432 1274 2478 Paris

292 2506 425 2550 1750.
456 2504 524 2537 12.
592 2495 693 2537 Emt
710 2491 761 2536 de
781 2492 941 2537 Medic.
1010 2495 1054 2539 Si
1080 2511 1200 2540 error
1224 2496 1274 2540 in

286 2557 474 2601 nomine
496 2554 580 2607 est,
622 2555 865 2613 pertinebit
889 2555 944 2599 ad
973 2568 1105 2612 1731.
1129 2558 1273 2618 adque

286 2620 329 2681 J.
350 2621 542 2670 BAGET‚
573 2617 702 2677 eujus
732 2617 792 2663 est
817 2617 1072 2679 osteologia.

446 2717 488 2759 p.
512 2710 595 2754 133
636 2697 767 2758 supra
793 2695 836 2752 ἕ.
863 2705 967 2756 878.
991 2699 1102 2745 adde

322 2781 447 2823 Hans
475 2773 639 2821 Friea'r.
667 2790 710 2818 v.
729 2773 1010 2819 FLEMMING
1032 2771 1273 2818 vollkomm-

285 2857 363 2887 mer
389 2836 601 2896 deutscher
628 2841 762 2897 λῆξεν
801 2836 982 2896 Leipzig
1015 2848 1148 2894 1719.
1188 2835 1267 2882 fol.

288 2906 508 2952 Anatome
532 2900 681 2962 aliqua
703 2899 964 2949 animalium
989 2900 1152 2961 partim
1180 2901 1271 2948 col-

874 83 989 131 AD
1024 85 1066 131 D
1101 85 1137 131 E
1171 82 1218 132 N
1253 80 1372 128 DA
1456 81 1638 128 TOM1
1685 45 1782 130 11.

1367 209 1502 261 lesta,
1542 209 1704 267 partim
1727 211 1767 254 ἃ
1791 209 1983 269 propria.
2027 211 2188 259 Incisio
2207 228 2353 260 cervae

1365 271 1589 331 gravidae,
1628 272 1725 331 apri
1743 273 1964 332 junioris,
1996 278 2172 335 vulpis,
2205 278 2348 323 melis.

1364 337 1482 380 Aves
1503 352 1516 386 ;
1554 347 1765 380 anatome
1790 336 1983 395 gallinae.
2049 340 2116 385 Ut
2142 337 2260 385 falco
2289 339 2351 386 ci·-

1364 409 1561 444 curetur.
1642 398 1813 445 Somno
1837 399 1986 445 ablato
2014 400 2152 448 deleri
2180 419 2350 449 memo-

1362 462 1475 507 riam
1504 463 1545 507 &
1569 461 1958 522 imaginationem.

1390 540 1580 603 Theoph.
1616 542 1780 588 Frider.
1807 544 2052 607 SCHACHT
2086 542 2351 607 Philosophia

1359 611 1546 714 cogporis
1595 604 1771 651 humani
1836 608 2053 653 Herborn
2094 622 2228 668 1719.
2277 620 2349 656 12.

1356 671 1398 715 T
1436 667 1539 716 eses.

1552 768 1594 811 p.
1629 758 1717 807 136
1750 750 1833 798 sub
1867 753 1896 798 l.
1929 753 2010 798 ult.
2037 751 2149 798 adde

1390 837 1648 879 Laurentius
1673 830 1890 879 BLUMEN
1899 846 2068 879 TROST
2093 832 2145 878 de
2151 831 2352 891 secretio-

1356 914 1407 943 ne
1433 897 1612 943 animali
1648 896 1771 942 Leid.
1792 909 1925 954 1719.
1945 898 2023 954 4*

1396 978 1556 1026 cornel.
1572 995 1614 1022 v.
1631 978 1902 1024 BLEISWYK
1929 978 2137 1023 medicina
2161 989 2352 1024 automa-

1357 1046 1442 1087 tica
1479 1041 1601 1087 Leid.
1625 1054 1757 1099 1719.
1781 1043 1858 1099 4*
1914 1040 2199 1101 Phyfiologia
2217 1044 2349 1102 &pa-

1358 1104 1575 1166 thologia.

1542 1221 1545 1223 »
1614 1202 1656 1244 p.
1686 1195 1775 1242 137
1813 1186 1841 1231 l.
1869 1191 1921 1239 18
1955 1166 2067 1232 adde

1357 1247 1510 1307 Hujus
1538 1247 1775 1309 posthuma
1802 1247 2082 1311 physiologia
2105 1248 2279 1297 dicetur
2293 1248 2350 1295 ad

1299 1339 1303 1341 ·
1362 1324 1497 1370 1774·

1624 1410 1667 1453 p.
1694 1405 1781 1449 139
1816 1395 1842 1440 l.
1863 1406 1919 1452 14
1953 1393 2064 1440 adde

1399 1457 1532 1503 IDEM
1570 1459 1851 1504 SCHULZIUS
1879 1461 1929 1503 in
1959 1456 2262 1518 disputatione
2289 1459 2348 1506 R.

1358 1521 1624 1568 SCHAFNER
1654 1522 1703 1567 in
1733 1537 1884 1581 panno
1912 1521 2049 1581 libera
2075 1520 2254 1568 vascula
2278 1523 2344 1569 vi-

1357 1583 1449 1637 dit,
1490 1587 1531 1630 ἃ
1562 1583 1784 1644 nusquam
1818 1585 2067 1645 albugineae
2091 1585 2263 1633 innata.

1452 1682 1495 1725 p.
1520 1672 1608 1723 146
1634 1664 1716 1711 sub
1747 1667 1774 1711 l.
1804 1666 2084 1725 antepenult.
2114 1664 2225 1712 adde

1392 1746 1563 1794 Gerard
1585 1750 1746 1793 Anton.
1770 1765 1813 1791 v.
1833 1747 2058 1793 SONSBEK
2087 1747 2137 1793 de
2158 1747 2346 1808 respira-

1353 1814 1466 1856 tione
1498 1810 1621 1857 Leid.
1642 1822 1778 1867 1721.
1801 1807 1883 1868 4*

1416 1908 1459 1951 p.
1489 1903 1576 1949 147
1611 1893 1637 1936 l.
1664 1904 1722 1949 14
1755 1889 1886 1950 supra
1919 1891 2054 1936 imam
2089 1891 2143 1936 ad
2168 1889 2281 1952 disp.

1495 1955 1797 2001 CHATELAlN
1823 1954 1875 2000 de
1902 1953 2047 2014 respir.
2086 1955 2199 2000 adde

1350 2037 1463 2083 Non
1491 2035 1549 2081 ob
1571 2034 1883 2082 musculorum
1911 2037 2150 2088 aetionem,
2177 2034 2343 2096 sedpo-

1351 2098 1566 2146 tiffimum
1607 2100 1664 2145 ob
1702 2101 1815 2145 a‘e'ris
1855 2099 2035 2158 pondus
2073 2101 2114 2144 8„-
2134 2101 2342 2145 elaterem

1350 2162 1474 2209 hunc
1510 2161 1657 2208 subire
1685 2163 1735 2208 in
1761 2165 1939 2223 peetus,
1981 2164 2021 2207 Sc
2054 2162 2098 2207 id
2134 2163 2335 2208 dilatare.

1351 2227 1526 2286 Expelli
1562 2242 1669 2272 vero
1695 2227 1752 2271 ob
1783 2227 1875 2272 vim
1912 2227 2220 2271 coritraetilem
2245 2227 2342 2285 pul-

1347 2291 1514 2335 monis.
1568 2290 1692 2335 Ae'ris
1715 2302 1862 2349 partes
1885 2287 2140 2335 subtiliores
2162 2287 2342 2350 sangui-

1348 2368 1453 2398 nem
1476 2351 1642 2398 subire.

1496 2432 1577 2480 sub
1606 2436 1632 2479 l.
1661 2446 1712 2491 15
1748 2432 1877 2494 supra
1904 2435 2042 2480 imam
2074 2433 2185 2479 adde

1379 2497 1523 2543 Andr.
1540 2500 1751 2544 MILLOT
1767 2499 1816 2543 de
1829 2499 2123 2559 respiratione,
2142 2510 2226 2557 pro
2244 2494 2342 2551 bac-

1350 2562 1600 2608 calaureatu
1635 2560 1861 2621 Monspel.
1884 2573 2018 2619 1721.
2038 2562 2224 2607 HOUSS.

1536 2659 1575 2702 p.
1599 2655 1687 2700 150
1720 2641 1852 2688 subl.
1880 2655 1929 2687 11
1972 2642 2085 2688 adde
2112 2641 2165 2686 ad

1678 2706 1971 2754 PAITONUM.

1387 2775 1519 2822 IDEM
1551 2772 1624 2818 sex
1649 2768 1849 2834 exempla
1875 2773 1967 2820 sola
2001 2770 2093 2818 diff.
2120 2772 2335 2819 CAECJLII

1344 2838 1487 2884 Foru
1516 2837 1566 2883 de
1591 2855 1696 2883 aure
1719 2843 1889 2883 interna
1913 2835 2069 2882 recudi
2098 2833 2207 2882 fecit
2246 2836 2334 2882 Ve-

1343 2912 1591 2962 net.1745.
1628 2899 1917 2962 GmARDad
1943 2900 2263 3012 SANTORHZ·
2286 2959 2303 3007 Ι

2248 2977 2327 3010 ιω.
