2531 3394
269 153 359 207 398
502 179 503 182 ,
681 147 813 195 Lm.
861 148 949 195 tx.
1015 142 1427 195 ANATOMES
1478 93 1918 193 immone.

267 257 438 307 oflibus
465 257 642 319 copiam
670 255 752 304 effe
784 269 839 305 ut
871 257 1162 305 altitudinem
1189 258 1387 304 volatus.
1473 253 1678 303 Aviculis
1712 242 1950 302 nonnullis
1984 258 2132 301 ae'rern
2160 253 2212 300 in
2242 249 2331 299 offa

255 336 451 377 artuum
478 339 574 370 non
599 335 836 384 penetrare
853 357 865 376 ‚
902 335 956 369 ut
983 320 1238 383 pafferibus.

395 407 451 453 In
463 403 769 466 disputatione
789 406 856 452 Cl.
873 405 918 465 J,
935 406 1097 452 BUSCH
1114 403 1164 450 de
1176 401 1451 462 mechanifino
1463 405 1616 464 organi
1629 401 1739 449 vocis
1754 398 1835 457 &c
1865 383 2089 461 Groning.
2101 411 2235 458 1774.
2253 399 2332 458 4.*

266 470 433 518 dicitur
456 471 510 517 de
535 470 712 517 duabus
737 471 910 531 exiguis
937 469 1274 529 cartilaginibus
1297 467 1508 528 oblongis
1534 468 1583 512 in
1611 465 1867 527 ligamentis
1897 466 2131 525 expertis‚·
2151 481 2252 525 quae
2274 462 2331 509 ab

198 558 201 562 ¹
266 535 530 597 epiglottide
559 534 615 582 ad
643 536 838 596 capitula
874 534 1193 595 cartilaginum
1223 533 1636 592 arytaenoidearum
1661 528 1968 583 descendunt,
2002 530 2239 577 CAMPERI
2263 529 2334 575 in-

264 613 422 649 vento.
616 659 675 720 §.1
699 665 752 710 M
767 664 801 709 L
813 663 965 710 XIX·
1073 659 1278 721 Chmstgmz
1305 657 1563 722 Ehrenfried
1588 660 1930 707 ESCHENBACH
1944 692 1957 711 ,

395 762 602 810 Medicus
627 764 666 807 &
694 757 995 819 Philosophiae
1018 756 1237 805 Professor
1260 755 1612 804 Rostochienfis.
1680 757 1802 817 EJUS
1833 755 2043 802 medicina
2069 754 2211 817 legalir
2237 753 2331 802 bre-

262 826 435 887 viffi'mtk
460 824 748 888 comprehensa
777 823 950 882 thesibus
982 822 1196 869 Rostoch.
1221 827 1355 880 1746.
1382 822 1458 874 8.*
1496 837 1641 881 nuper
1661 819 1802 867 recus.
1870 822 1941 866 De
1969 817 2238 872 submerfis3
2275 819 2331 867 de

265 893 562 951 impotentia,
592 889 880 950 virginitate,
917 888 1213 950 graviditate‚
1248 898 1410 948 partu,
1446 883 1830 946 superfetatione,
1877 883 2146 938 menstruis,
2193 882 2331 945 signis

158 970 161 975 ·
195 989 197 992 -
267 953 475 1004 suffocati
502 955 644 1015 pueri.

396 1038 513 1097 EJUS
554 1033 831 1095 anatomisclae
868 1032 1175 1095 Beschreihzmg
1200 1032 1271 1079 des
1302 1031 1600 1093 menschlichen
1638 1036 1824 1093 Kbrpers
1869 1030 2070 1077 Rostock
2092 1042 2228 1088 1750.
2257 1031 2333 1084 8.*

268 1101 605 1163 Compendium
622 1112 853 1147 anatomes
868 1100 917 1145 in
935 1097 1199 1146 universum
1220 1098 1275 1144 ad
1288 1099 1747 1147 WINSLowlANAM
1770 1095 2064 1156 expositionem
2089 1094 2334 1141 concinna-
2366 1150 2370 1155 ,

264 1180 381 1220 tum,
407 1167 542 1212 etiarn
555 1164 636 1211 ubi
648 1165 735 1211 W.
756 1176 922 1223 peccat,
955 1176 1008 1210 ut
1020 1164 1069 1209 in
1085 1164 1204 1209 oculi
1218 1163 1407 1208 arteriis.
1478 1162 1645 1221 Aliqua
1660 1173 1812 1207 tamen
1829 1158 1906 1205 sua
1921 1158 2055 1205 habet
2072 1159 2155 1206 CL.
2175 1160 2223 1205 E.
2239 1193 2252 1212 ,
2282 1160 2327 1205 &

265 1230 473 1278 sermone
502 1230 676 1290 puriori
703 1227 810 1275 usus
837 1227 897 1274 est
917 1263 930 1281 ,
967 1244 1102 1288 quam
1124 1227 1266 1287 vulgo
1290 1225 1432 1271 nostri
1454 1224 1616 1271 solent.
1686 1224 1930 1269 Valvulam
1960 1224 2009 1268 in
2036 1221 2161 1268 sacco
2186 1224 2330 1269 lacru-

269 1297 376 1342 mali
403 1293 514 1341 effe:
552 1295 724 1340 nullam
746 1293 796 1339 in
823 1308 928 1338 rene
952 1290 1289 1338 succenturiato
1323 1306 1518 1336 caveam.
1587 1288 1742 1348 Aliqui
1760 1286 1953 1335 musculi
1976 1287 2240 1347 peculiares,
2275 1299 2332 1334 ut

272 1377 328 1407 ex
349 1359 532 1406 atlantis
553 1355 754 1419 proceffu
777 1354 1033 1403 transverso
1049 1356 1100 1402 in
1115 1366 1287 1415 partem
1310 1352 1529 1414 proceffui
1553 1352 1798 1398 mastoideo
1816 1352 2022 1412 proxime
2037 1350 2330 1411 posteriorem

268 1422 514 1471 musculus.
588 1422 851 1479 Quadratus
873 1422 983 1467 alter
1005 1420 1282 1467 lumborum.
1310 1420 1421 1464 Dari
1435 1415 1918 1477 veficaesphin&ere1n.
1985 1414 2117 1462 Psoas
2150 1418 2329 1461 tertius.

267 1487 365 1536 Effe
399 1488 480 1534 ubi
506 1488 635 1532 nervi
665 1486 806 1546 optiei
834 1486 923 1532 toti
946 1483 1138 1546 separati
1166 1482 1266 1529 fint.
1336 1483 1573 1529 Tendinea
1600 1478 1809 1540 expansio
1835 1496 1860 1525 a
1885 1481 1951 1526 M.
1981 1478 2168 1525 sartorio
2191 1481 2232 1525 ὃς
2261 1476 2330 1524 so-

268 1553 347 1599 ciis
379 1553 427 1598 in
469 1550 739 1611 periosteum
774 1548 966 1595 demiss'a.
1038 1547 1155 1595 Vasa
1185 1546 1461 1608 lymphatica
1495 1562 1519 1592 a
1555 1561 1763 1592 convexo
1798 1543 1956 1604 hepate
1988 1560 2103 1605 pene
2128 1542 2330 1589 sternum

267 1615 600 1663 adscendentia.
668 1616 826 1661 Icones
846 1615 1151 1662 KULMIANAE.

399 1699 474 1760 EJ.
519 1697 753 1757 Observata
776 1696 964 1757 quaedam
994 1693 1262 1756 chirurgico-
1280 1692 1444 1740 medica
1472 1689 1687 1738 Rostoch.
1711 1695 1846 1749 1753.
1869 1687 1952 1749 4*
1997 1690 2136 1737 Varia
2157 1705 2328 1735 merno-

268 1762 442 1811 rabilia.
512 1764 605 1809 Cor
638 1758 923 1808 dextrorsum
961 1758 1155 1806 versum.
1225 1759 1551 1820 Fetus-ventre
1593 1768 1778 1815 apertO,
1823 1754 2036 1801 musculis
2069 1754 2329 1801 abdominis

267 1825 561 1874 hiscentibus.
633 1828 785 1873 Atreta
806 1859 817 1878 ‚
848 1823 1034 1871 urethra
1069 1822 1200 1883 supra
1227 1839 1276 1869 os
1299 1823 1432 1882 pubis
1462 1832 1628 1880 aperta.
1699 1821 1878 1881 Lingua
1904 1820 2084 1879 duplex.
2152 1819 2329 1865 Contra

268 1891 606 1954 imaginationis
634 1891 883 1951 potentiam
912 1889 963 1935 in
987 1887 1292 1948 producendis
1317 1885 1542 1932 monstris.
1617 1884 1797 1930 Cornea
1817 1884 1972 1930 tunica
1991 1884 2060 1929 bis
2089 1896 2257 1930 renata.

397 1975 570 2034 EJUSD.
611 1971 963 2032 Observationum
987 1973 1219 2015 variarum
1242 1971 1509 2015 continuatio
1541 1964 1755 2012 Rostoch.
1777 1977 1910 2023 1755.
1941 1963 2022 2023 4*
2069 1963 2176 2012 Ossa
2194 1967 2330 2012 inno..

268 2039 443 2086 minata
468 2035 746 2096 ampliffima.
815 2035 981 2095 Aliqua
1004 2033 1059 2080 ad
1084 2033 1267 2079 arterias
1294 2032 1437 2078 flexus
1464 2029 1634 2077 brachii
1655 2048 1666 2075 ι
1704 2030 1992 2076 innominata
2012 2029 2073 2075 est
2093 2045 2328 2075 recurrens

268 2103 464 2151 radialis.
535 2102 754 2147 Granium
778 2097 897 2146 fetus
918 2098 1122 2157 undique
1147 2095 1348 2143 clausum
1365 2131 1376 2149 ,
1411 2095 1518 2142 inde
1541 2106 1694 2156 partus
1719 2090 1930 2140 difficilis.
2000 2094 2328 2140 Noctambulo.

267 2165 587 2218 Reviviscens‚
624 2182 725 2224 quae
767 2176 947 2209 mortua
984 2161 1242 2222 putabatur.
1313 2160 1486 2220 Utique
1521 2175 1598 2219 per
1634 2159 1814 2218 plenam
1847 2157 2134 2217 putredinem
2171 2159 2330 2218 pulmo

268 2229 544 2291 supernatat.
624 2227 783 2275 Pulsus
813 2228 900 2274 alio
927 2228 1028 2273 loco
1059 2225 1329 2286 tangebatur
1351 2258 1365 2278 ,
1408 2224 1534 2285 quod
1558 2221 1780 2283 superiori
1812 2222 1913 2268 loco
1951 2222 2115 2268 arteria
2149 2222 2332 2279 radialis

267 2296 324 2342 ad
355 2293 537 2341 dorsum
563 2291 811 2340 transiisset.

299 2426 304 2429 .
399 2375 571 2437 EJUSD.
610 2376 757 2434 operis
787 2388 908 2418 nova
939 2374 981 2418 ἃ
1007 2371 1184 2431 plenior
1213 2370 1352 2416 editio
1393 2369 1550 2416 eodem
1585 2385 1687 2414 cum
1713 2368 1851 2415 titulo
1881 2368 2073 2429 prodiit,
2110 2366 2328 2415 Rostoch.

272 2447 408 2501 1769.
437 2439 514 2494 8.*
583 2439 739 2485 Priora
768 2453 864 2482 non
891 2447 1059 2494 repetO.
1131 2434 1370 2481 Abdomen
1390 2433 1551 2493 sponte
1574 2444 1780 2493 apertum
1799 2467 1811 2485 ‚
1842 2434 1883 2478 &
1915 2443 2066 2478 motus
2093 2431 2325 2492 peristalti-

268 2523 348 2553 cus
376 2503 662 2564 conspicuus.
732 2502 862 2547 Penis
887 2497 1066 2545 trifidus
1098 2500 1139 2545 <Sc
1166 2499 1298 2545 urina
1320 2515 1374 2544 ex
1405 2497 1594 2558 spongia
1623 2498 1744 2543 inter
1769 2496 1939 2556 pubem
1977 2498 2019 2543 ὃς
2038 2495 2327 2542 umbilicum.

268 2567 632 2629 Quadrigemini.
676 2564 1004 2613 Intestinorum
1031 2563 1142 2608 ordo
1175 2574 1379 2609 mutatus
1398 2596 1409 2614 ,
1446 2574 1500 2608 ut
1525 2563 1660 2608 colon
1688 2562 1893 2620 proxime
1912 2577 1937 2606 a
1955 2559 2207 2606 ventriculo
2227 2555 2325 2603 suc-

267 2635 460 2681 cederet.
528 2635 696 2678 Atretae
737 2629 898 2689 puellae
934 2626 987 2672 ab
1019 2625 1111 2686 ipsa
1144 2638 1305 2673 natura
1339 2624 1518 2673 sanatae.
1588 2625 1800 2672 Placenta
1825 2624 2030 2684 undique
2064 2623 2119 2669 ad
2144 2633 2329 2668 uterum-

267 2698 446 2746 adnata.
515 2695 708 2757 Sanguis
726 2709 781 2741 ex
802 2690 1009 2738 funiculo
1025 2691 1274 2737 umbilicali
1293 2706 1389 2736 non
1410 2691 1550 2752 ligato
1572 2689 1710 2735 modo
1731 2689 1972 2749 plurimus,
1995 2686 2132 2733 modo
2147 2686 2322 2733 nullus.

394 2781 469 2841 EJ.
507 2780 660 2839 Progr.
682 2775 734 2823 de
759 2785 1018 2837 apparenter
1045 2773 1219 2819 mortua
1252 2771 1466 2819 Rostoch.
1486 2777 1621 2830 1766.
1645 2784 1691 2830 4.

396 2862 471 2922 EJ.
509 2865 574 2908 De
594 2858 757 2920 sudore
787 2855 937 2918 Chrzsti
947 2855 1180 2917 sanguineo
1201 2867 1357 2915 parere
1381 2872 1401 2899 e
1419 2855 1642 2915 principiis
1666 2851 1832 2899 medicas
1861 2849 1923 2897 ib.
1956 2855 2090 2908 1766.
2124 2861 2173 2908 4.

391 2942 466 3003 EJ.
506 2939 720 2988 Bedenken
745 2956 830 2986 von
849 2938 927 2997 der
946 2931 1260 2985 Sclmdlichkeit
1282 2934 1352 2980 cles
1364 2933 1666 2981 Mzctterkorns
1694 2935 1753 2980 ib.
1781 2945 1915 2990 1771.
1943 2937 1983 2985 8,
2000 2932 2024 2958 ²*
2064 2933 2226 2992 Aliqua
2241 2928 2321 2978 ha-

244 3034 247 3036 >
267 3006 346 3057 bet
367 3005 420 3055 de
443 3004 754 3056 refocillandis,
776 2994 1038 3053 submersis.
1097 2997 1352 3049 Obscuram
1375 2996 1717 3061 respirationem
1740 2995 1823 3046 sub
1849 2996 1976 3058 aquis
1996 2993 2224 3057 super-effe.

2007 3082 2050 3135 5.
2083 3076 2326 3141 MLXX.
