2531 3394
268 95 378 176 r119‘2
687 84 823 168 tm]
873 121 965 167 ιχ.
1033 108 1445 198 marones
1497 114 1930 166 PERrE-crro.
2071 186 2076 193 Ι

457 244 504 304 §.
540 237 975 296 DCCCCXXV.
1029 247 1139 319 “Jac.
1167 245 1368 306 Augustus
1392 243 1650 290 BroNDEL.
1716 216 2170 306 Joh.,Bapt.*SthA.

415 343 544 391 Prior
565 346 640 391 ille
657 345 705 391 in
730 345 893 406 Anglia
912 342 1030 388 vixit
1045 375 1057 394 ,
1097 357 1151 399 ex
1169 341 1358 387 Gallica'
1368 339 1550 400 quidem
1570 337 1739 385 familia
1759 351 1893 391 natus
1913 341 1955 386 &
1977 337 2017 393 ass
2045 353 2178 400 1734.
2201 341 2331 389 Obiit.

289 410 410 470 EJUS
440 409 607 468 prodiit
649 409 843 455 Londin.
881 417 1013 464 1727.
1047 411 1088 458 8.
1131 402 1200 450 the
1229 402 1421 464 strength
1453 403 1506 464 of
1532 407 1815 464 imagination
1847 407 1892 448 in
1917 415 2131 465 pregmant
2161 422 2329 459 woman

291 471 514 519 examined
541 473 630 519 and
651 471 719 517 the
741 475 906 532 opinion
934 467 1030 514 tlmt
1058 466 1200 513 marks
1228 467 1318 513 and
1345 466 1604 526 deformities
1632 484 1709 513 are
1729 467 1852 527 from
1887 465 1996 512 them
2024 464 2332 529 demonstrate-d

291 548 336 584 te
365 535 414 582 be
437 554 463 581 ιι
492 538 650 598 vulgar
676 552 829 586 error3
864 530 1026 590 absque
1053 532 1240 577 nomine
1276 531 1487 576 austoris.
1567 531 1763 582 Gallice,
1789 530 1869 589 fiir
1903 531 1945 577 la
1963 530 2087 591 force
2109 531 2165 576 de
2193 532 2333 578 l’ima—

286 603 482 662 gination
512 600 582 645 des
596 600 770 660 femmes
794 600 994 642 enceintes
1019 593 1110 650 &a
1149 594 1283 640 Leide
1304 605 1437 651 1737.
1465 592 1558 647 8.*‚
1591 605 1795 639 vertente
1816 593 1992 640 Alherto
2018 594 2173 641 BRUN.
2239 596 2336 642 Bel-

291 664 416 724 gice,
462 662 788 722 Vei-handelinge
816 676 918 705 over
939 658 990 704 de
1018 658 1289 718 verbeelding
1310 657 1387 702 der
1415 673 1638 718 zavangere
1660 673 1865 703 vrouwen
1898 657 2106 704 Rotterd.
2128 668 2260 716 1737.
2287 666 2332 716 8.

292 727 560 773 Germanice
575 742 675 773 cum
690 723 1001 784 supplemento
1017 722 1256 781 Strasburg
1273 733 1357 778 175
1366 726 1405 765 6.
1430 718 1509 772 8)(ν
1543 720 1679 766 Acuti
1694 721 1866 781 ingenii
1882 721 1951 766 vir
1964 719 2173 773 ostendit,
2196 720 2336 767 fabel-

292 792 357 836 las
378 791 558 850 quidem
584 791 813 849 plerasque
838 784 918 846 effe
945 784 1150 831 historias
1170 783 1347 831 fetuum
1371 800 1394 828 a
1414 784 1607 829 materni
1625 784 1766 829 animi
1791 782 2039 830 adfectibus
2065 782 2335 830 deformato-
2405 781 2420 791 ”

289 870 391 900 rum
410 873 423 906 3
457 854 502 899 id
515 854 644 899 etiam
658 850 783 897 facile
797 850 955 902 vincit,
984 847 1127 895 fetum
1145 848 1370 908 propriam
1384 845 1463 892 sibi
1486 847 1629 893 vitam
1650 847 1820 900 vivere,
1854 864 1949 894 non
1962 846 2042 892 esse
2055 859 2224 906 partem
2244 863 2336 893 ma-

291 918 401 970 tris,
440 918 512 963 cui
548 932 622 975 per
653 914 745 960 sola
782 912 1036 960 tenuissima
1060 910 1162 958 vasa
1190 910 1375 971 aliquod
1399 908 1452 957 sit
1480 911 1598 956 uteri
1630 926 1732 956 cum
1767 912 1970 970 placenta
1995 911 2332 957 commercium.

289 980 346 1026 In
376 980 609 1026 nonnullis
640 976 899 1024 difficilibus
927 975 1129 1023 refutatu
1160 975 1374 1034 exemplis
1399 975 1604 1021 colorum
1621 990 1645 1020 a
1673 975 1829 1020 matris
1854 974 2177 1034 imaginatione
2199 975 2250 1020 in
2273 972 2337 1021 fe-

289 1054 389 1090 tum
418 1042 747 1090 transeuntium
777 1041 965 1087 laborat.

421 1126 535 1171 Cum
564 1124 746 1171 interim
773 1124 823 1169 in
848 1124 876 1169 l.
905 1122 958 1168 de
978 1122 1082 1168 cutis
1103 1120 1255 1168 morbis
1282 1121 1432 1180 aliqua
1463 1119 1512 1166 in
1542 1119 1747 1166 nostrum
1767 1121 2047 1166 TURNERUS
2070 1116 2335 1180 protulisset,

287 1187 501 1236 refutatio
519 1190 926 1235 BLONDELLIANA
942 1187 988 1231 in
1005 1185 1204 1231 editione
1225 1186 1334 1230 anni
1361 1196 1496 1241 1729.
1511 1181 1698 1236 acceffit,
1732 1185 1773 1228 &
1797 1200 1900 1229 cum
1923 1184 2060 1229 titulo
2075 1182 2338 1244 ficpplement

289 1254 340 1299 in
365 1252 537 1298 Gallica
568 1250 769 1297 versione
798 1250 944 1296 rediit.
1013 1250 1309 1295 TURNERUM
1333 1247 1673 1308 imaginationis
1696 1245 1976 1293 defensorem
2000 1245 2108 1292 salse
2128 1247 2337 1308 exagitat,

293 1318 336 1361 &
359 1314 635 1368 historiolas,
668 1331 777 1374 quas
810 1311 1006 1374 profert,
1041 1310 1152 1358 risui
1175 1313 1379 1371 exponit.
1670 1335 1673 1337 ·
2304 1352 2306 1354 ,

415 1397 592 1457 Nempe
608 1400 720 1442 Dan.
742 1397 957 1442 TURNER
973 1383 1211 1454 chirurgus
1235 1390 1467 1452 scripserat
1488 1392 1903 1441 inBLoNDELLUM
1918 1390 2119 1438 Londini
2143 1402 2243 1449 172⁷
2263 1427 2272 1438 .
2291 1397 2335 1445 8.

292 1475 396 1506 cum
421 1460 534 1506 libro
558 1460 611 1505 de
639 1459 810 1505 morbis
840 1458 1043 1505 cutaneis
1058 1491 1069 1510 ,
1103 1474 1156 1503 on
1179 1455 1247 1503 the
1263 1458 1385 1518 force
1408 1457 1461 1517 of
1473 1453 1541 1502 the
1573 1453 1754 1501 mothers
1781 1459 2058 1516 imagination
2078 1489 2090 1508 ,
2127 1468 2239 1516 upon
2264 1454 2336 1501 the

278 1524 391 1585 fetus
419 1528 462 1570 in
490 1535 636 1576 utero,
673 1539 807 1583 quem
834 1522 998 1568 librum
1024 1537 1120 1566 non
1146 1521 1304 1580 praesto
1331 1519 1490 1566 habeO.
1560 1517 1917 1578 Reposuitidem
1940 1516 2151 1565 adversus
2175 1520 2335 1565 BLON-

289 1601 495 1635 DELLUM
532 1585 600 1633 the
623 1587 747 1648 force
783 1587 835 1642 of
861 1584 931 1631 the
967 1582 1149 1631 mothers
1175 1588 1452 1645 imagination
1478 1595 1588 1644 upon
1616 1581 1685 1628 the
1708 1583 1827 1643 fetus
1852 1586 1897 1628 in
1920 1594 2041 1628 utero
2054 1583 2144 1642 still
2155 1579 2336 1641 farther
2396 1611 2400 1615 -

290 1649 527 1708 cmfidered
557 1651 609 1710 by
633 1667 728 1710 way
752 1650 947 1710 ofreplic
976 1660 1020 1694 to
1044 1650 1101 1693 D.
1133 1649 1179 1693 Β.
1211 1647 1312 1693 boola
1350 1646 1545 1693 London
1575 1657 1709 1702 1730.
1741 1648 1816 1698 8.*
1881 1645 2149 1691 Historiolas
2184 1661 2336 1691 naevo-

288 1730 392 1760 rum
415 1713 644 1767 defendit,
681 1717 722 1760 ἃ
749 1712 886 1773 ipsam
912 1728 1006 1758 rem
1033 1710 1197 1771 gestam
1223 1723 1406 1763 tuetur,
1441 1710 1577 1756 nimis
1606 1709 1831 1756 credulus.
1900 1708 1986 1756 Ista
2016 1709 2156 1755 editio
2182 1707 2335 1754 recusa

293 1770 354 1822 est
378 1779 642 1824 Germanice
676 1779 862 1838 Argent.
883 1781 1018 1834 1756.
1043 1777 1117 1828 8.*

420 1864 534 1914 Jecm
558 1861 734 1920 Baptiste
760 1859 950 1910 SYLVA‚
984 1868 1086 1904 ortu
1117 1853 1348 1908 Lusitani,
1400 1857 1531 1900 traite'
1558 1853 1608 1901 de
1641 1853 1798 1916 l'usage
1831 1853 1902 1900 des
1937 1852 2172 1913 dfflrentes
2199 1853 2339 1912 sbrtes

295 1923 349 1969 de
366 1922 577 1983 shignew,
612 1923 963 1983 principalement
997 1920 1048 1966 de
1073 1920 1166 1965 celle
1195 1919 1253 1964 du
1278 1918 1380 1980 pied
1415 1920 1536 1965 Paris
1571 1931 1704 1976 1727.
1735 1925 1775 1972 8.
1816 1917 2038 1969 2.Vol.*;
2075 1917 2259 1971 celebris
2289 1919 2340 1963 li-

296 1988 398 2040 ber,
438 1989 478 2032 &
500 1989 579 2045 qui
602 1986 757 2031 multis
779 1985 934 2030 litibus
953 1982 1229 2030 occasionem
1255 1982 1393 2028 dedit.
1461 1984 1546 2028 Pro
1569 1980 1847 2035 revulsione,
1873 1997 1973 2041 quae
2001 1979 2079 2033 fit,
2116 1979 2146 2025 si
2171 1981 2220 2025 in
2240 1996 2339 2038 par-

297 2055 343 2096 te
373 2067 397 2096 a
427 2052 527 2096 loco
558 2047 731 2094 adfecffo
763 2060 934 2093 remota
961 2063 1122 2092 venam
1144 2048 1382 2106 aperueris.
1471 2048 1626 2102 Quare
1663 2062 1778 2091 vena
1810 2047 1859 2091 in
1897 2044 2006 2104 pede
2038 2042 2174 2089 secari
2207 2043 2343 2091 debet

295 2114 525 2173 inrcapitis
547 2113 745 2164 morbis,
785 2113 824 2157 &
842 2114 890 2156 in
904 2109 1153 2156 adfectibus
1168 2126 1319 2156 earum
1336 2109 1558 2168 partium,
1593 2125 1691 2168 quae
1705 2106 1997 2155 arteriassuas
2010 2108 2062 2152 ab
2074 2118 2199 2152 aorta
2213 2105 2341 2166 supe-

297 2178 410 2224 riori
423 2177 663 2236 accipiunt.
733 2177 905 2221 Contra
920 2175 1243 2220 derivationem
1262 2175 1446 2218 noxiam
1461 2185 1604 2232 putat,
1641 2171 1722 2218 nisi
1736 2173 1858 2232 prius
1871 2187 1998 2217 venae
2011 2172 2153 2216 multa
2165 2169 2342 2230 sangui-

299 2241 371 2287 nis
398 2239 602 2286 miffione
629 2251 837 2298 potenter
876 2240 1031 2284 levatae
1059 2236 1158 2284 sint.
1246 2238 1396 2282 Multa
1426 2237 1678 2282 anatomica
1709 2236 2024 2286 intercedunt,
2062 2231 2341 2293 potissimum

301 2304 357 2350 ad
386 2305 568 2350 arterias
603 2304 842 2362 pectorales
881 2303 922 2350 &
950 2302 1131 2362 capitis,
1182 2300 1317 2346 etiam
1344 2313 1482 2346 venas
1510 2312 1720 2352 artuum,
1765 2297 1979 2345 emissaria
2015 2297 2178 2351 cranii,
2225 2314 2343 2344 cere-

299 2368 370 2415 bri
392 2384 554 2419 venas,
593 2368 634 2412 ἃ
660 2364 962 2411 mastoideam.

423 2449 479 2494 In
499 2444 782 2508 dtffirtations
800 2444 857 2501 ’ἐξ
878 2445 1175 2503 confitltations
1203 2443 1468 2491 medicinales
1494 2443 1618 2490 Paris
1643 2455 1777 2504 1744.
1799 2454 1815 2487 1
1831 2440 1910 2490 2.*
1937 2441 2053 2489 redit
2086 2442 2262 2490 libellus
2289 2442 2342 2489 de
2360 2469 2370 2481 ‚

299 2512 343 2559 la
361 2511 556 2572 saigne'e,
592 2526 683 2571 quo
710 2510 861 2569 priora
888 2508 1162 2555 theoremata
1190 2520 1473 2568 repetuntur.

426 2591 605 2639 Deinde
635 2607 729 2637 una
761 2588 912 2636 recusa
945 2588 1004 2635 est
1027 2587 1291 2649 differtation
1307 2588 1388 2647 sur
1418 2590 1460 2636 la
1486 2592 1752 2652 concepti0n3
1805 2585 2064 2647 hypothesis
2082 2620 2094 2639 ‚
2131 2603 2230 2646 quae
2256 2585 2339 2632 fer-

300 2667 506 2703 mentum
532 2655 902 2706 uteri‘admittit,
939 2655 981 2699 &
1009 2651 1264 2698 seminalem
1290 2669 1471 2706 auram,
1509 2670 1608 2713 quae
1639 2668 1688 2698 m
1714 2668 1804 2698 ovo
1834 2649 2226 2697 fermentationem
2264 2667 2341 2697 ex-

304 2721 424 2766 citet.
489 2718 602 2766 Non
635 2717 715 2765 esse
739 2735 763 2764 a
789 2716 991 2777 plethora
1015 2714 1212 2768 menses,
1247 2714 1323 2761 sed
1353 2733 1377 2761 a
1402 2718 1640 2777 glandulis.

428 2800 485 2845 In
507 2803 664 2854 Journ.
697 2799 767 2845 des
794 2802 894 2846 Sav.
925 2808 1056 2855 1744.
1090 2812 1148 2842 m.
1173 2797 1263 2856 Jul.
1293 2798 1426 2844 IDEM
1449 2796 1656 2858 spiritum
1681 2793 1938 2841 seminalem
1964 2794 2014 2841 in
2041 2792 2142 2841 vasa
2173 2794 2339 2857 recipi,

303 2860 512 2931 namesse
540 2864 767 2912 valvulam
788 2863 840 2910 in
870 2861 983 2909 ostio
1009 2858 1132 2908 tubae
1149 2893 1160 2912 ‚
1191 2875 1291 2919 quse
1314 2860 1429 2908 nihil
1460 2862 1514 2908 ab
1537 2874 1669 2910 utero
1697 2858 1919 2905 admittat.

1794 2997 1839 3058 §-
1874 2993 2340 3043 occccxxvr.

2424 455 2473 462 -κ
