2531 3394
568 117 633 178 §-
675 128 796 177 1218
840 146 894 157 —
932 133 1069 172 1220.
1136 122 1477 174 COVOLO.
1547 124 1915 185 SARCONE,
2183 138 2277 190 613

757 251 801 309 ς.
837 254 1156 302 MCCXIX.
1259 254 1480 318 Philippu>-
1505 256 1739 312 Fssumm.

350 351 479 399 Olim
516 348 756 404 Comicus,
793 349 900 396 inde
932 351 1166 404 Medicus,
1220 353 1300 412 qui
1337 352 1617 412 aliquamdiu
1662 354 1711 400 in
1751 353 2055 406 Surinamenli
2093 360 2276 409 colonia

219 413 372 476 degit,
410 431 536 461 nunc
565 430 674 460 vero
696 415 895 475 Trajec‘ti
923 414 979 460 ad
998 413 1192 462 Mosam.
1262 417 1381 462 Cum
1412 419 1440 462 l.
1467 417 1539 463 des
1567 417 1771 465 maladies
1795 419 1852 465 les
1869 421 1968 481 plus
1981 423 2226 485 frequentes
2246 423 2273 471 ἃ

216 482 419 527 Surinam
443 479 609 532 edidit,
645 496 730 525 une
744 475 837 539 diff:
852 473 936 537 sur
957 478 995 523 le
1006 478 1188 538 fameux
1206 479 1403 541 crapaud
1418 481 1471 527 de
1487 484 1691 529 Surinam
1707 488 1870 530 nomme'
1886 489 1996 546 Pipa
2032 486 2270 537 Mastrieht

220 550 358 601 1765.
393 546 468 597 8.*‘
536 546 758 589 Anatome
798 542 931 600 Pipae.
1000 541 1208 589 Veficam
1237 542 1375 590 habet
1403 545 1650 592 urinariam
1684 559 1819 607 atque
1851 562 2026 608 penem.
2095 553 2270 600 Tuber..

214 609 316 653 cula
345 608 394 653 in
423 619 527 653 cute
553 607 791 664 utriusque
818 602 973 658 seXUS,
1010 605 1059 651 in
1083 622 1204 653 mare
1233 606 1366 660 ficca,
1402 609 1452 654 in
1476 606 1645 656 femina
1676 610 1936 671 unguinosa
1958 646 1971 664 ,
2008 613 2269 664 dilatabilia.

199 671 269 717 ·In
296 668 487 717 dorsalia
511 670 744 716 tubercula
767 666 949 714 feminae
970 685 1064 716 mas
1088 668 1357 730 inspiciente
1379 673 1623 721 FERnssNo
1653 691 1740 721 ova
1765 673 2004 735 deposuit:
2040 678 2273 726 Feminam

212 735 328 780 inire
355 735 566 786 videtur,
600 730 772 791 suoque
803 729 972 778 semine
1008 750 1094 780 ova
1133 732 1441 796 conspergere.
1521 737 1712 785 Femina
1746 736 1882 785 semel
1913 741 2105 788 omnino
2136 744 2270 802 parit.

210 799 373 845 Pulmo
399 797 650 849 maximus,
691 808 745 842 ut
773 811 861 841 ova
889 793 1025 856 poffit
1055 813 1230 861 urgere.

338 898 413 958 EJ.
451 897 636 957 Histoire
659 895 864 942 natureH'e
889 894 941 941 de
958 895 1003 943 la
1025 897 1241 944 Hollande
1272 900 1547 959 equinoe‘t'iale
1581 898 1860 947 Amsterdam
1882 908 2019 961 1765.
2052 902 2134 958 8.*
2185 905 2274 953 Ca-'

209 962 387 1022 talogus
414 961 678 1007 animalium
704 960 984 1008 Surinamiae.
1052 962 1123 1006 De
1150 963 1350 1022 anguilla
1374 962 1677 1024 stuporifera:
1729 977 1876 1012 totam
1909 969 2092 1015 turbam
2121 965 2271 1016 homi-

207 1040 347 1078 num,
391 1025 478 1084 qui
513 1040 651 1070 manu
688 1021 730 1069 se
761 1023 1010 1076 tenebant,
1057 1024 1121 1070 ita
1158 1025 1412 1072 concussam
1449 1026 1604 1082 fuiffe,
1650 1041 1704 1076 ut
1727 1044 1864 1075 nemo
1899 1032 2267 1093 experimentum

207 1090 344 1136 vellet
382 1089 574 1135 iterare:
620 1088 762 1134 ictum
801 1102 830 1132 a
866 1086 1047 1133 duobus
1073 1086 1288 1136 musculis
1318 1090 1480 1151 infligi.

336 1187 413 1249 EJ.
448 1185 701 1248 Instrufiion
728 1189 988 1247 importante
1015 1203 1071 1232 au
1093 1187 1335 1250 peuplesur
1353 1187 1598 1238 l‘oeconomie
1609 1192 1801 1239 animale
1834 1192 1875 1238 la
1887 1187 2016 1252 Haye
2035 1201 2171 1253 1767.
2188 1196 2265 1249 8.*

202 1250 309 1299 Pars
330 1253 453 1312 prior
467 1250 532 1296 est
546 1260 756 1295 anatome
774 1252 815 1296 &
830 1247 1113 1311 physiologia
1134 1253 1337 1312 corporis
1357 1251 1565 1302 humani.
1633 1257 1701 1303 Ex
1724 1256 2067 1306 BOERHAAvm
2099 1261 2266 1307 multa.

202 1317 352 1363 Ortus
377 1314 582 1361 ani-malis
616 1330 672 1360 ex
695 1330 804 1360 ονο.
873 1313 1095 1368 Gemelli,
1133 1328 1336 1375 quorum
1375 1318 1486 1363 alter
1506 1316 1755 1380 Aethiops,
1787 1321 1900 1366 alter
1930 1317 2261 1383 semiaethiops,

201 1379 402 1439 adeoque
422 1374 709 1438 superfetatio
724 1378 880 1423 locum
895 1376 1071 1424 habuit.
1117 1440 1119 1442 ³
1141 1379 1311 1426 Pueros
1332 1380 1613 1442 Aethiopum
1628 1383 1755 1430 albos
1778 1381 1915 1436 nasci,
1948 1383 2115 1432 ‘deinde
2142 1389 2264 1433 ocia·-

199 1458 260 1490 νο
290 1443 360 1489 die
390 1453 584 1488 atrorem
608 1439 860 1502 subrepere.
931 1442 1162 1490 Genitalia
1192 1445 1435 1506 utriusque
1458 1444 1589 1493 sexus
1615 1448 1840 1494 continuo
1862 1455 1963 1494 -a'tra
1981 1446 2084 1496 effe.

324 1543 400 1602 EJ.
447 1540 716 1602 Description
749 1541 946 1603 generale
977 1540 1203 1604 historique
1221 1576 1237 1598 ,
1278 1540 1596 1608 geographique
1627 1543 1687 1602 ἓξ
1707 1544 1907 1608 phyfique
1942 1546 1993 1592 de
2017 1548 2061 1593 la
2087 1549 2260 1598 -Colonie

193 1608 246 1656 de
268 1610 473 1656 Surinam
511 1605 792 1653 Amsterdam
815 1613 950 1664 1769.
980 1612 1023 1660 8.
1060 1608 1248 1654 2.Vol.*
1313 1610 1437 1670 Saepe
1469 1610 1712 1672 Aethiopes
1737 1611 1885 1657 rubris
1909 1612 2072 1666 oculis,
2108 1615 2259 1674 pupila

192 1673 249 1721 lis
287 1669 561 1723 mobilibus,
598 1680 701 1715 cute
725 1669 823 1715 alba
842 1703 854 1722 ‚
893 1685 951 1715 ex
988 1671 1130 1732 nigris
1155 1670 1277 1719 nasci
1304 1673 1620 1735 Aethiopibus.
1723 1675 1901 1722 Ranam
1935 1674 1986 1720 in
2017 1675 2148 1735 piscis
2178 1694 2259 1725 na-

194 1749 344 1784 turam
376 1734 656 1780 relabentem
691 1732 952 1779 Manum
991 1734 1249 1783 constanter
1292 1753 1451 1784 ranam
1492 1754 1689 1786 manere.
1777 1739 1946 1785 Iterum
1977 1738 2038 1785 de
2074 1740 2255 1790 duobus

193 1797 434 1852 musculis,
471 1814 497 1844 a
527 1797 694 1859 quibus
718 1794 773 1844 fit
800 1797 869 1845 vis
892 1796 1190 1858 stupefaciens
1219 1802 1431 1863 anguillae
1460 1799 1804 1851 Surinamenfis.

887 1922 936 1985 §-
970 1927 1024 1978 M
1039 1927 1077 1978 C
1094 1928 1188 1979 CX
1199 1930 1261 1980 X.
1367 1933 1503 1981 Varii.

319 2025 544 2076 Michaelis
569 2024 836 2080 SARCONE,
880 2024 1053 2074 Medici
1087 2027 1408 2090 Neapolitani,
1460 2029 1603 2092 {storia
1636 2036 1871 2093 'regionam
1902 2029 1967 2081 ἅθ’
1995 2035 2100 2082 mali
2128 2034 2251 2099 offer..

187 2097 285 2142 vati
307 2098 352 2140 in
376 2092 541 2154 Napoli
565 2090 657 2138 nell'
685 2107 796 2137 anno
825 2099 960 2150 1764.
997 2093 1169 2152 Napoli
1198 2096 1331 2152 1765.
1357 2101 1399 2149 8.
1438 2094 1630 2142 2.V01.*
1663 2098 1706 2142 ἃ
1731 2113 1856 2144 nunc
1883 2099 2151 2146 Germanice
2170 2103 2248 2148 Ti..

187 2157 292 2220 guri
314 2169 450 2215 1770.
476 2162 519 2210 8.
569 2155 813 2215 Egregium
836 2171 978 2215 opus,
1024 2157 1175 2203 clinici
1201 2158 1385 2218 quidem
1410 2160 1681 2220 argument-i.
1750 2161 1956 2207 Pleuram
1981 2164 2151 2210 nudam
2172 2163 2248 2211 sae.

187 2236 243 2282 pe
267 2221 447 2280 tetigit,
486 2234 634 2279 neque
664 2218 780 2264 vidit
805 2217 991 2265 doluiffe
1009 2253 1021 2272 ,
1059 2235 1207 2280 neque
1230 2223 1280 2267 in
1314 2238 1364 2268 ea
1390 2223 1652 2269 membrana
1685 2222 1833 2270 sedem
1858 2237 1986 2286 putat
2019 2227 2100 2274 effe
2121 2230 2247 2287 pleu-

185 2284 364 2336 ritidis,
397 2282 546 2328 sedin
566 2281 762 2329 carnosis
784 2283 945 2343 utique
970 2285 1190 2343 partibus.
1260 2287 1316 2331 In
1348 2284 1469 2332 febre
1506 2288 1752 2346 epidemica
1792 2286 1974 2350 sanguis
2002 2306 2080 2351 per
2114 2293 2246 2339 initia

185 2348 336 2395 morbi
363 2345 599 2392 dissolutus
623 2358 743 2399 erat,
779 2363 882 2392 cum
906 2346 1050 2393 crusta
1074 2349 1304 2395 coriacea:
1343 2367 1443 2409 quae
1476 2348 1559 2396 sub
1586 2351 1736 2397 morbi
1765 2350 1904 2399 finem
1933 2353 2244 2403 evanescebat.

184 2413 241 2459 In
269 2410 487 2470 sanguine
513 2409 680 2455 vitium
712 2421 830 2462 erut,
866 2411 992 2469 quod
1028 2409 1246 2465 faciebat,
1284 2424 1337 2459 ut
1373 2430 1471 2473 pars
1506 2413 1755 2474 gelatinosa
1785 2432 1810 2461 a
1837 2417 1973 2464 rubra
2004 2417 2242 2466 secederet.

184 2475 506 2535 Experimenta
534 2488 584 2518 ea
617 2472 762 2518 crusta
795 2471 922 2519 faeta.
1013 2475 1164 2521 Multa
1190 2476 1240 2521 in
1282 2475 1478 2523 nostram
1508 2477 1810 2525 sententiam:
1859 2482 2098 2527 mollitiem
2134 2499 2243 2528 con·

181 2540 317 2601 jungi
344 2553 447 2585 cum
482 2539 529 2583 vi
560 2534 810 2588 sentiendi,
849 2539 890 2582 δι
914 2535 1118 2584 viciffim.
1210 2539 1531 2601 Experimenta
1557 2542 1712 2590 nostra
1742 2544 1794 2590 in
1825 2544 2089 2592 tendinibus
2107 2579 2120 2599 ,
2165 2562 2242 2607 pe-

180 2603 347 2651 riosteo
377 2603 418 2648 &
442 2600 558 2646 duta
584 2613 726 2645 matre
755 2598 847 2646 suis
877 2599 1181 2649 confirmavit.

312 2681 527 2741 Francisci
566 2683 726 2728 Bmml
761 2680 1070 2739 observationes
1104 2689 1347 2732 anatomicae
1374 2685 1543 2746 scholiis
1576 2688 1788 2750 illustram
1815 2691 1872 2738 T.
1896 2692 1930 2737 Ι.
1983 2692 2242 2739 Mediolan.

184 2754 322 2806 1755.
349 2748 430 2806 4*
498 2746 569 2792 Ad
609 2758 854 2791 anatomen
888 2744 980 2792 fere
1010 2745 1361 2810 pathologicam.
1432 2752 1613 2799 Carotis
1646 2752 1817 2799 lin-istra
1857 2756 2097 2802 communi
2132 2772 2237 2803 cum

177 2810 408 2860 subclavia
433 2821 598 2857 trunco
626 2822 746 2856 nata.

312 2894 494 2939 Antonii
517 2892 767 2939 GERMANI
790 2887 843 2936 de
863 2891 1124 2940 ALBERTIZ
1150 2891 1401 2955 prodromm
1426 2895 1666 2955 recenfionth
1695 2901 1850 2945 critIcae
1874 2892 2046 2962 historiae
2070 2896 2236 2949 medicae

181 2956 338 3006 Wien
361 2962 496 3017 1765.
520 2954 599 3012 8.*
664 2953 919 3018 Asperrime
947 2956 1003 3004 de
1030 2957 1290 3070 Faeni-{pap
1309 2961 1624 3072 h&hCLER100
1644 2961 1845 3023 judicat,
1883 2965 1925 3012 ἃ
1944 2965 2236 3014 H1PPoan-

1424 3035 1449 3080 3
2118 3035 2230 3076 'Tem
