2531 3394
243 159 245 161 η
277 90 375 144 716
692 87 825 183 ma
862 90 954 135 rx
1022 83 1437 135 ANATOMES
1485 85 1926 138 PERFECTIo.

241 257 256 266 ,
412 213 689 262 G1RARn1
677 230 723 275 lp
726 212 815 262 sius
850 213 1005 261 tabulae
1038 212 1141 260 duae.
1209 213 1263 258 In
1291 212 1434 272 priori
1463 212 1624 260 ductus
1656 213 1846 261 laetiferi
1879 195 2191 277 praegrandes,
2227 226 2338 264 cum

279 277 465 325 dilatata
494 275 595 324 sede
621 231 723 326 subp
727 279 907 339 papilla.
977 279 1032 324 In
1061 276 1295 349 posteriori
1317 273 1530 322 fufiffime
1555 277 1609 322 de
1637 277 1827 324 testibus
1857 279 1907 324 in
1940 280 2181 327 abdomine
2219 279 2339 327 fetus

281 339 608 396 residentibus,
646 341 701 389 de
719 342 833 389 ostio
853 342 908 388 ad
925 357 1081 387 eorum
1108 343 1283 386 exitum
1307 353 1589 400 praeparat03
1626 340 1679 387 de
1702 340 1792 387 bafi
1817 339 1849 387 s.
1882 342 2081 414 proceffu
2103 343 2336 398 cessuloso,

280 421 361 466 per
391 421 523 478 quem
558 404 688 453 testes
718 404 1030 457 descendunt3
1076 403 1129 449 de
1152 404 1353 464 vaginali
1382 404 1563 458 tunica,
1600 421 1701 464 quae
1732 404 1794 451 est
1825 408 2125 463 peritonaeum
2157 407 2302 467 ipsum
2323 441 2337 461 ,

281 468 337 515 de
354 486 488 516 muco
509 471 559 515 in
578 468 699 516 11311
683 504 696 524 ,
733 471 813 531 0111
831 468 910 515 fiat
931 469 1018 515 tela
1034 467 1276 519 cellulosa,
1265 486 1272 494 ·
1314 467 1367 514 de
1381 469 1539 515 tunica
1553 469 1752 528 vaginali
1766 468 1888 515 testis
1908 472 2106 528 propria,
2125 470 2296 517 diversa
2316 488 2341 517 a

284 533 486 594 vaginali
509 531 719 580 funiculi.
789 534 898 579 Haec
924 532 978 576 de
1002 530 1098 576 fetu
1123 545 1321 590 quatuor
1336 531 1556 578 mensium
1583 533 1753 591 depicta
1776 531 1898 585 sunt,
1937 532 2100 579 deinde
2124 534 2173 579 in
2196 547 2340 580 matu-

280 597 514 650 rioribus,
549 596 704 643 nmilia
736 598 1234 648 HUNTERIANORUM,
1272 593 1345 641 sed
1368 597 1559 655 amplius
1587 595 1800 655 exposita.

413 678 873 739 RaymondiCoccm
904 681 1120 731 (Antonii
1139 676 1202 723 fil
1212 676 1412 730 >leucae
1421 675 1494 740 fis
1493 674 1566 723 che
1582 674 1845 724 anatomiche
1883 677 2088 724 Livorno
2113 674 2341 736 1775.4.*

276 743 516 803 Scepticus
541 741 658 795 fere,
691 742 744 787 de
774 742 991 801 partubus
1021 739 1298 800 potiffimum
1327 740 1598 801 genitalibus
1623 740 1739 801 agit,
1779 743 1829 786 in
1852 752 2048 800 utroque
2080 740 2202 788 sexu.
2271 741 2342 787 Ad

283 806 407 853 testis
435 818 678 852 anatomen
706 807 870 864 aliqua
939 802 1166 851 Menfium
1195 803 1324 851 causa
1352 804 1557 865 proxima
1589 803 1650 851 est
1680 805 1862 866 propria
1881 808 2001 853 uteri
2026 804 2205 853 fabrica.
2271 806 2342 851 De

283 870 433 916 cordis
467 882 607 915 motu.

411 950 593 997 Andrea
619 951 899 997 SPAGIRICO
930 949 982 996 de
1007 955 1150 997 anima
1172 950 1396 998 brutorum
1427 947 1564 998 Rom.
1592 961 1728 1010 1775.
1767 949 1847 1004 8.*
2068 967 2105 973 ‘-

411 1033 669 1079 BRiGANTl
702 1031 945 1091 instra-:Jion
967 1044 1082 1093 pour
1112 1032 1168 1078 les
1193 1049 1291 1078 vers
1318 1050 1344 1078 a
1361 1032 1451 1092 sbie
1484 1033 1670 1079 Geneve
1695 1043 1828 1091 1775.
1865 1029 1943 1086 8.*

415 1111 640 1173 stlarfiglio
666 1114 982 1163 LANDRIANO
1010 1113 1225 1160 richerche
1238 1113 1375 1177 fifiche
1397 1114 1567 1161 intorno
1592 1114 1674 1160 alla
1691 1113 1911 1172 salubritzi
1935 1113 2018 1161 dell
2032 1118 2129 1160 aria
2164 1115 2341 1162 Milano

288 1187 426 1235 1775.
456 1178 531 1229 3.*
597 1178 840 1224 Pulmones
881 1178 1107 1224 continuo
1137 1180 1370 1227 evolutum
1402 1177 1662 1239 phlogiston
1693 1177 1929 1231 exhalant,
1975 1179 2039 1224 ita
2076 1177 2343 1239 sanguinem

284 1239 580 1300 refrigerant,
619 1239 694 1287 sed
722 1243 763 1287 &
794 1242 922 1287 alcali
947 1242 1129 1287 volatile
1153 1239 1389 1301 diffipant,
1421 1244 1464 1288 &
1496 1257 1703 1294 acorem,
1741 1258 1844 1287 cum
1873 1242 2024 1287 anima
2048 1240 2232 1289 succum
2265 1241 2343 1288 he-

283 1303 486 1364 liotropii
516 1304 654 1350 rubro
686 1306 837 1350 colore
868 1303 1059 1350 inficiat.
1145 1306 1248 1351 Sola
1269 1306 1579 1351 ambulatione
1606 1306 1654 1350 in
1675 1306 1881 1352 conclavi
1899 1307 2153 1353 accuratius
2175 1304 2342 1359 clauso,

285 1375 432 1413 aerem
460 1379 729 1414 contentum
756 1381 942 1427 quarta,
977 1370 1018 1415 &
1046 1367 1261 1421 demum,
1298 1369 1430 1415 tertia
1459 1380 1583 1429 parte
1612 1367 1849 1429 phlogisti,
1884 1368 2018 1429 supra
2042 1368 2217 1416 solitam
2243 1386 2346 1431 por-

283 1431 456 1478 tionem
482 1432 686 1485 onerari,
724 1432 772 1477 id
796 1431 1055 1492 phlogiston
1077 1449 1132 1477 ex
1156 1435 1372 1492 pulmone
1400 1433 1571 1479 venire.

413 1511 638 1559 Michaelis
671 1513 876 1573 TROJA,
900 1515 980 1560 Μ.
1008 1513 1133 1559 Chir
1157 1514 1480 1574 Neapolitani,
1513 1513 1564 1559 de
1595 1529 1805 1560 novorum
1828 1513 1903 1572 off
1901 1531 1971 1560 um
1998 1519 2041 1561 in
2071 1519 2246 1576 integris
2268 1527 2346 1561 aut

282 1578 474 1623 maximis
486 1576 536 1622 oh
548 1576 714 1622 morbos
734 1576 1381 1639 deperditionihusreparatione
1393 1582 1683 1639 experimenta
1701 1576 1835 1624 Paris.
1860 1591 1993 1637 1775
2019 1585 2044 1632 8
2067 1577 2112 1625 χ’.
2170 1580 2343 1625 1316110-

283 1656 342 1687 ne
378 1637 566 1686 obscura
593 1639 793 1686 deforme
827 1639 1069 1694 hactenus,
1110 1656 1322 1688 caeterum
1351 1643 1569 1688 eximium
1605 1657 1718 1700 opus
1745 1641 1832 1695 est,
1885 1643 2018 1689 meris
2044 1645 2238 1695 nixum,
2272 1642 2348 1689 iis-

284 1720 375 1764 que
406 1701 667 1750 difficilibus
701 1706 743 1750 &
775 1705 1022 1757 accuratis,
1058 1706 1393 1765 experimentis
1476 1706 1677 1751 Primum
1703 1704 1756 1750 de
1787 1722 1910 1752 novo
1933 1704 2046 1759 offe,
2074 1676 2241 1752 dissecti
2281 1704 2348 1752 os-

285 1768 340 1815 113
361 1769 532 1814 vulnus
562 1768 611 1813 in
636 1769 743 1814 vivo
761 1769 952 1814 animale
977 1785 1066 1827 rep
1056 1780 1223 1822 113016
1250 1783 1377 1830 capta
1391 1769 1711 1840 experimenta.
1780 1770 2049 1829 Plerumque
2074 1769 2240 1829 duplex
2266 1786 2348 1816 no-
2352 1774 2358 1775 ’

285 1834 333 1878 vi
361 1829 464 1877 offis
495 1831 683 1877 stratum
708 1830 954 1878 subnatum
984 1831 1077 1885 est,
1115 1833 1307 1879 alterum
1349 1833 1547 1879 exterius
1581 1848 1631 1878 os
1665 1832 1906 1892 antiquum
1940 1834 2202 1886 continuit,
2239 1835 2347 1879 alte-

285 1911 389 1942 rum
418 1896 543 1941 intus
567 1895 617 1940 in
642 1895 880 1941 medullari
910 1912 1042 1942 cavea
1072 1908 1248 1949 ortum,
1285 1897 1511 1943 internam
1536 1893 1639 1942 oflis
1666 1893 1824 1943 faciem
1852 1897 2058 1943 obduxit
2129 1895 2346 1956 Lymphae

288 1960 466 2018 copiam
492 1958 545 2003 de
566 1957 651 2003 offe
663 1956 981 2005 secedentem
970 1974 1018 2005 10
1032 1960 1299 2020 gelatinam,
1337 1959 1473 2006 hinc
1462 1976 1511 2005 10
1524 1959 1859 2020 cartilaginem,
1888 1961 2025 2020 inque
2044 1977 2092 2008 os
2108 1959 2346 2006 600111160-

287 2035 407 2074 tem,
443 2038 519 2081 per
556 2020 698 2093 singul
704 2038 833 2068 orum
876 2023 1048 2069 dierum
1085 2024 1363 2070 incrementa
1400 2022 1577 2070 secutus
1627 2023 1701 2068 est.
1780 2025 1947 2070 Eadem
1975 2023 2159 2084 lympha
2200 2024 2343 2083 perio-

285 2085 457 2137 steum,
491 2083 564 2130 sed
591 2087 724 2130 etiam
755 2086 962 2133 tendines
995 2087 1171 2133 vicinos
1202 2090 1243 2133 &
1282 2089 1525 2148 ligamenta
1551 2087 1803 2141 imbuerat,
1843 2090 1884 2134 &
1920 2089 1970 2133 in
1998 2088 2259 2133 tendinibus
2275 2102 2347 2132 co-

284 2149 468 2196 lumbi
458 2164 509 2194 111
531 2149 770 2208 gelatinam
803 2152 942 2210 inque
970 2167 1021 2196 03
1047 2149 1314 2197 confirmata
1340 2151 1415 2197 est.
1483 2152 1822 2197 lucrementum
1852 2153 1964 2198 novi
1998 2149 2100 2197 offis
2125 2151 2345 2196 destructa

286 2213 485 2259 medulla
518 2212 776 2272 juvabatur.
848 2225 890 2259 2.
928 2214 1060 2259 Vires
1097 2212 1361 2261 cohaefionis
1393 2213 1624 2261 dimensus
1666 2214 1753 2266 est,
1803 2231 1904 2274 quae
1940 2214 2144 2274 quotidie
2178 2213 2347 2260 confir-

286 2288 409 2322 mato
448 2291 572 2322 novo
610 2275 696 2320 ofl'e
726 2289 966 2337 augentur.
1038 2290 1078 2333 3.
1120 2278 1466 2325 Exhalationem
1504 2277 1640 2331 offis,
1688 2295 1825 2338 quam
1863 2277 2085 2324 inhalatio
2122 2281 2346 2324 00610103

285 2338 571 2387 intercedens
602 2337 794 2385 subinde
825 2341 1005 2387 tur-:bat
1052 2340 1229 2388 exhalat
1264 2355 1416 2389 autem
1450 2341 1506 2388 ad
1537 2342 1761 2388 dimidias.
1829 2355 1874 2401 4
1911 2343 2039 2389 Num
2077 2342 2347 2402 periosteum

287 2403 402 2449 novi
426 2400 528 2448 offis
552 2414 631 2448 aut
657 2404 863 2449 materies
895 2403 958 2456 uit,
1003 2417 1082 2450 aut
1115 2406 1342 2453 modulus.
1421 2406 1554 2452 Vidit
1575 2422 1700 2465 peri
1672 2404 1870 2465 singulos
1899 2408 2006 2453 dies
2035 2407 2310 2465 gelatinam
2300 2421 2349 2451 m

288 2467 624 2523 cartilaginem,
664 2467 713 2511 in
750 2484 800 2512 03
833 2467 1160 2516 consistentem.
1229 2470 1363 2517 Vidit
1384 2470 1438 2516 de
1466 2469 1594 2517 111811
1624 2467 1726 2516 offis
1739 2469 1971 2530 superficie
1997 2469 2208 2516 sudantes
2237 2471 2348 2529 lym-

288 2529 390 2591 phae
414 2541 597 2590 guttas,
634 2530 818 2589 perinde
851 2531 900 2575 in
927 2529 1001 2576 fila
1032 2532 1279 2591 gelatinosa
1308 2532 1632 2587 confirmatas,
1667 2550 1767 2594 quae
1797 2533 1910 2580 fines
1935 2532 2037 2580 offis
2069 2533 2234 2579 dissecti
2259 2533 2348 2577 col-

287 2595 523 2653 ligabant,
561 2593 701 2653 inque
724 2610 898 2640 novum
928 2611 976 2640 os
1004 2594 1198 2655 denique
1222 2596 1598 2657 perficiebantur:
1628 2596 1746 2643 hanc
1782 2597 2012 2659 lympham
2034 2597 2112 2644 sub
2129 2595 2346 2656 periosteo

293 2658 429 2704 etiam
467 2655 673 2710 divulso,
711 2659 845 2703 etiam
877 2657 1115 2711 morbosO,
1152 2660 1206 2705 de
1231 2659 1334 2708 offis
1363 2675 1526 2708 natura
1553 2660 1720 2708 sudaffe
1742 2662 1886 2715 vidit,
1924 2675 2022 2708 tum
2062 2660 2220 2712 firma,
2250 2671 2348 2706 tum

288 2719 319 2767 s
312 2719 542 2782 pongiosa.
615 2718 766 2774 Ipsum
800 2721 964 2767 tubum
1004 2720 1172 2768 offeum
1212 2740 1387 2771 novum
1422 2742 1474 2772 os
1502 2726 1729 2785 replebat,
1777 2742 1880 2772 nam
1908 2727 2043 2772 etiam
2081 2724 2134 2769 de
2166 2724 2347 2769 interna

291 2783 530 2844 superficie
556 2783 658 2831 offis
679 2782 839 2831 ssmiles
862 2786 1053 2857 guttulae
1077 2783 1393 2835 scaturiebant.
1478 2791 1671 2836 Nullum
1698 2789 1779 2838 effe
1804 2791 2036 2835 internum
2064 2787 2348 2849 periosteum

290 2859 339 2905 4.
377 2849 456 2893 Vis
493 2865 582 2907 qua
621 2861 781 2895 natura
815 2850 907 2910 agit
939 2849 994 2895 ad
1035 2849 1318 2896 educendum
1361 2869 1535 2900 novum
1566 2871 1615 2900 os
1650 2855 1701 2901 in
1742 2852 2092 2914 longitudinem.
2170 2853 2350 2914 Unguis

291 2910 569 2959 incrementa
596 2910 674 2960 sex
705 2914 927 2961 linearum
960 2911 1067 2962 sunt
1106 2914 1154 2960 in
1193 2914 1339 2964 tribus
1362 2916 1601 2968 mensibus.
1671 2918 1753 2966 Vis
1777 2933 1878 2978 quae
1901 2916 1954 2963 ad
1985 2915 2071 2962 offa
2096 2915 2351 2964 divellenda

2293 2979 2352 3027 ab
