2531 3394
747 123 1240 174 ADDENDA
1319 123 1495 172 Tomz
1541 125 1576 172 1.

149 270 191 315 p.
207 254 300 313 708
335 247 434 298 dele
468 250 545 313 ΕΙ.
577 262 727 301 totum
764 252 881 307 §.de
911 264 1054 306 motu,
1092 253 1135 300 &

135 324 138 325 ’
239 315 336 375 ejus
365 316 466 362 loco
492 318 587 377 lege
613 315 731 364 hanc
748 316 1051 365 recenfionem

438 380 580 428 libelli
601 381 842 431 Cumaei.

192 476 267 538 EJ.
299 474 419 526 Prof.
446 477 556 537 Reg.
591 475 644 523 de
667 488 785 523 motu
813 474 955 522 cordis
977 473 1133 520 adver-

136 540 261 600 saria
297 541 514 601 analytica
568 538 793 599 Monspel.
827 544 967 595 1698:
1009 545 1080 585 16.
1102 537 1134 566 *

146 607 299 653 RAST.
368 601 594 652 Mirificus
619 603 811 650 libellus.
881 604 1060 659 chrit
1080 602 1133 647 de

148 667 277 716 causa
298 680 451 715 motus
474 666 635 714 cordis.
705 666 905 712 Primum
932 679 1136 712 removet

149 733 203 780 de
231 730 464 780 causarum
487 746 677 777 numero
696 763 709 782 ‚
751 746 862 790 quas
898 746 1136 790 nunquam

149 796 378 858 putaveris
414 796 534 840 inter
565 791 717 840 causas
747 795 844 853 ejus
872 807 1022 840 motus
1051 810 1136 839 nu-

149 871 339 906 meratas
363 856 504 905 fuisse.
587 858 960 904 ContraCtionem
992 858 1137 917 qualis

148 922 203 971 sit
236 922 445 975 funium,
493 922 684 967 omnino
721 921 880 967 debere
918 922 1053 967 etiam
1087 921 1137 966 in

147 987 276 1036 fibris
300 987 448 1032 cordis
472 987 621 1031 locum
648 983 825 1031 habere.
919 985 1004 1032 Sed
1040 1000 1136 1030 eam

148 1051 507 1098 contractionem
529 1065 624 1094 non
652 1047 768 1108 polse
793 1059 942 1094 ortum
971 1046 1136 1093 habere

147 1132 173 1162 a
206 1115 465 1161 membrana
502 1126 686 1158 externa
710 1111 889 1164 cordis,
936 1126 1084 1170 neque
1113 1127 1138 1157 a

149 1177 425 1240 pericmdio,
463 1191 609 1236 neque
633 1175 825 1220 omnino
859 1172 1037 1221 causam
1070 1176 1138 1220 ul-

150 1244 239 1289 lam
266 1242 388 1294 dari,
425 1256 524 1300 quae
547 1236 797 1285 forinsecus
821 1254 898 1285 cor
918 1236 1139 1299 compres-

149 1305 288 1352 serit:
339 1320 423 1350 nec
465 1318 679 1362 vaporem
710 1303 970 1349 adluentem
989 1334 1003 1355 ‚
1055 1318 1138 1349 nec

150 1367 395 1416 fluidorum
409 1365 677 1414 intestinum
703 1378 882 1412 motum
907 1383 985 1426 per
1003 1382 1138 1427 poros

150 1435 193 1481 δε
217 1432 458 1479 interstitia
482 1429 698 1477 fibrarum
722 1430 868 1477 cordis
895 1430 1139 1478 advenien-

150 1497 282 1544 tium.
349 1496 513 1554 Neque
544 1511 569 1541 a
599 1494 750 1541 nervis
777 1506 954 1541 motum
989 1494 1138 1541 cordis

151 1559 262 1613 effe,
308 1557 387 1606 etsi
419 1558 474 1606 fit
502 1559 552 1604 in
586 1558 684 1605 aliis
712 1559 915 1619 corporis
949 1557 1141 1605 humani

151 1624 388 1686 partibus;
439 1622 591 1668 nervis
621 1622 743 1668 enim
782 1622 996 1670 omnibus
1029 1620 1140 1669 rese-

153 1690 234 1734 c'tis
258 1721 270 1740 ,
312 1685 673 1733 intercostalibus
707 1687 967 1746 octavisque
1000 1688 1041 1734 &
1075 1702 1140 1733 re-

153 1750 442 1798 currentibus
468 1784 480 1803 ,
529 1761 709 1797 motum
754 1750 902 1797 cordis
941 1751 992 1796 in
1033 1766 1142 1797 cane

154 1815 312 1862 multis
326 1813 448 1860 horis
465 1812 695 1874 supereffe.
743 1815 906 1875 Neque
928 1831 1032 1861 eum
1049 1831 1142 1861 mo-

154 1892 253 1926 tum
287 1879 490 1938 reliquiis
529 1875 770 1936 spirituum
810 1877 928 1939 poffe
973 1878 1144 1933 tribui,

154 1943 235 2001 qui
248 1943 293 1989 in
309 1945 481 1988 truncis
497 1939 766 1987 resedlorum
786 1958 1032 1989 nervorum
1049 1960 1144 1989 cor-

156 2007 223 2053 dis
252 2006 479 2058 haereant,
528 2022 630 2052 cum
659 2006 788 2052 fluidi
826 2009 983 2053 nervei
1012 2006 1145 2054 influ-

157 2070 275 2117 entis
301 2068 430 2115 malfa
452 2070 693 2130 perexigua
710 2067 763 2116 fit
777 2105 789 2123 ‚
815 2069 844 2116 fi
860 2074 1143 2131 eomparave·

156 2136 216 2181 ris
241 2150 346 2181 cum
371 2132 604 2195 sanguinis
630 2133 685 2179 de
709 2134 842 2180 corde
860 2132 1028 2193 expulsi
1051 2151 1145 2182 mo-

159 2199 232 2244 do.
319 2199 481 2257 Neque
517 2195 859 2244 rarefac'tionem
894 2198 1021 2244 fluidi
1048 2215 1146 2245 ner-

158 2259 252 2307 vosi
292 2260 407 2321 pofl'e
444 2262 636 2308 admitti.
730 2263 876 2310 Canes
912 2262 966 2308 ab
1000 2261 1147 2310 incisis

158 2325 310 2371 nervis
332 2326 463 2377 mori,
491 2326 867 2385 peripneumonia
887 2326 1144 2374 exstinctos.

159 2387 336 2436 Deinde
365 2402 523 2449 negat,
559 2390 744 2435 inanitis
770 2391 1036 2438 ventriculis
1055 2408 1150 2438 cor-

161 2453 229 2499 dis
255 2468 333 2512 per
354 2453 585 2498 vinculum
612 2454 740 2499 venis
767 2454 982 2513 injectum
1000 2488 1012 2506 ‚
1055 2471 1149 2502 mo-

164 2529 261 2563 tum
285 2516 433 2563 cordis
456 2516 660 2576 intercipi
694 2519 873 2576 (neque
904 2518 1026 2563 enim
1047 2519 1150 2565 ideo

155 2581 320 2627 vinanes
347 2588 540 2628 erunt).
634 2582 788 2636 Quare
821 2595 972 2628 motus
1005 2583 1151 2629 cordis

164 2661 261 2692 non
294 2645 380 2690 erit
413 2660 436 2688 a
464 2642 682 2704 sanguine
710 2646 758 2690 in
788 2645 1064 2694 ventriculos
1092 2645 1152 2693 ef-

163 2706 279 2756 fuso.
365 2709 526 2767 Neque
558 2707 820 2755 ab'influxu
845 2707 1076 2770 sanguinis
1101 2711 1153 2757 in

165 2772 349 2820 arterias
374 2772 658 2825 coronarias,
697 2789 842 2832 neque
869 2775 988 2820 enim
1015 2776 1070 2823 iis
1099 2776 1153 2822 li-

165 2838 277 2897 gatis
304 2847 484 2884 motum
507 2835 655 2883 cordis
679 2834 892 2890 definere,
921 2854 1000 2899 per
1024 2855 1154 2900 expe-

165 2900 428 2954 timentum,
458 2917 537 2947 cor
551 2903 668 2947 enim
689 2898 893 2948 evulsum
919 2918 1052 2962 porro
1073 2904 1154 2950 mi-

167 2979 294 3017 care.
344 2966 387 3013 &
409 2977 623 3027 praeterea
649 2981 754 3016 eum
784 2978 1052 3017 arteriarum
1079 2984 1155 3032 co-

2090 137 2186 192 ’761

1197 251 1480 298 ronariarum
1515 250 1780 314 sanguinem
1820 255 1911 306 fere
1946 271 2097 308 totum
2134 260 2185 308 in

1198 315 1347 362 cordis
1369 315 1618 362 auriculam
1646 334 1726 377 per
1749 337 1886 370 venas
1912 323 2051 371 reddi.
2121 325 2186 372 Ut

1198 376 1333 438 poffit
1359 394 1475 439 aqua
1499 378 1632 428 funes
1654 383 1704 427 in
1730 389 2082 435 contractionem
2112 405 2188 435 ur-

1197 457 1313 502 gere.
1380 442 1674 499 Qiescentia
1698 461 1886 507 corpora
1913 469 1937 497 a
1954 468 2087 512 quam
2104 453 2188 499 mi-

1198 507 1320 551 nima
1356 508 1559 566 potentia
1595 507 1713 568 poffe
1742 516 1953 560 emoveri.
2040 517 2185 563 Deni-

1199 585 1286 629 que
1328 571 1610 618 redeundum
1643 571 1724 619 effe
1752 575 1807 621 ad
1846 577 2187 626 rarefactionem

1198 631 1333 692 ipsius
1350 631 1597 695 sanguinis.
1666 637 1804 684 lneffe
1823 641 1982 700 utique
2008 641 2187 703 sangui-

1201 698 1250 742 ni
1297 700 1536 757 particulas
1575 698 1632 745 ad
1666 701 2008 750 rarefactionem
2045 721 2185 766 aptas.

1199 761 1269 805 Dc
1295 777 1393 807 acre
1426 759 1656 822 sanguinis
1677 766 1855 826 aliqua,
1889 767 1942 813 de
1975 785 2066 828 quo
2095 772 2187 828 jam

1201 840 1238 870 a.
1264 830 1394 881 1687.
1429 828 1723 886 cogitaverit,
1761 832 1803 877 &
1828 830 1882 876 de
1904 829 1993 879 suis
2014 832 2189 884 Virus-

1200 901 1352 936 sENio
1381 888 1596 948 oppositis
1629 892 1977 951 objectionibus.
2054 887 2191 943 Gom-

1200 952 1343 1010 parari
1371 950 1487 1010 poffe
1503 953 1844 1004 rarefactionem
1863 957 2094 1019 sanguinis
2117 959 2192 1007 de-

1200 1015 1431 1060 tonationi
1459 1016 1693 1063 uitricum
1724 1018 1907 1068 sulfure.
1979 1023 2191 1070 Fluidum

1201 1078 1447 1123 motorium
1483 1079 1649 1126 haerere
1674 1083 1723 1127 in
1752 1085 1910 1133 loculis
1940 1085 2155 1133 fibrarum
2177 1121 2190 1140 ‚

1202 1141 1243 1185 &
1266 1142 1458 1188 alternas
1480 1143 1599 1190 vices
1622 1160 1774 1193 motus
1801 1151 1897 1208 ejus
1920 1148 2112 1197 musculi
2130 1148 2196 1197 fa-

1203 1219 1300 1249 cere
1316 1237 1328 1256 ‚
1367 1204 1473 1252 dum
1504 1209 1687 1255 alternis
1709 1211 1881 1260 vicibus
1900 1212 2107 1274 &ipsum
2131 1212 2194 1261 ef·

1202 1266 1305 1313 fluit
1327 1269 1369 1329 &
1391 1270 1616 1317 retinetur
1625 1291 1639 1324 ς
1674 1286 1729 1320 ut
1749 1274 1797 1321 id
1818 1274 1898 1324 fiat
1919 1276 2194 1338 hypothesin

1204 1327 1353 1378 offert.
1433 1334 1762 1384 Dilatationem
1799 1341 1947 1388 cordis
1990 1340 2194 1389 tribuen.

1206 1395 1308 1441 darn
1337 1395 1418 1443 effe
1437 1398 1632 1446 vinculis
1659 1402 1907 1451 tendinolis
1934 1404 2110 1453 clastico
2126 1407 2195 1453 ni-

1204 1456 1255 1505 su
1284 1457 1327 1506 se
1349 1460 1687 1512 retrahentibus
1708 1484 1721 1517 3
1760 1469 1802 1513 &
1825 1465 2007 1528 spiritus
2033 1468 2113 1516 has
2143 1468 2195 1517 fi-

1204 1523 1305 1570 bras
1345 1525 1395 1572 in
1424 1530 1782 1576 contraditionem
1816 1548 1959 1593 agere.
2028 1535 2198 1581 Anato-

1206 1603 1276 1633 me
1301 1585 1518 1636 fibrarum
1541 1593 1688 1639 cordis
1713 1610 1810 1640 non
1829 1611 2048 1644 accurata.
2126 1599 2196 1645 Fi·-

1204 1651 1306 1698 bras
1332 1656 1470 1700 rectas
1506 1655 1858 1705 transversarum
1892 1660 2197 1722 antagonistas

1208 1715 1318 1770 effe,
1353 1734 1445 1764 una
1476 1735 1580 1765 cum
1617 1721 1880 1770 transversis
1907 1724 2193 1785 ligamentis:

1209 1783 1526 1841 praepollerent
1546 1784 1666 1830 enim
1703 1783 1807 1832 solae
1830 1789 1990 1849 majori
2019 1787 2099 1835 suo
2126 1807 2198 1836 ro-

1207 1845 1315 1890 bore
1339 1842 1518 1906 spitales
1543 1846 1681 1895 fibrae.
1752 1851 2106 1912 Antagonismus
2134 1869 2198 1900 er-

1210 1925 1266 1969 go
1293 1908 1354 1954 est
1385 1912 1504 1958 inter
1524 1910 1608 1958 'has
1643 1911 1794 1960 causas
1820 1917 2070 1964 relaxantes
2092 1951 2105 1971 ‚
2155 1919 2198 1964 &

1210 1971 1605 2021 fermentationem
1652 1976 1827 2024 nitroso
1874 1977 2116 2027 sulfuream
2149 1982 2199 2027 in

1211 2037 1371 2084 loculis
1391 2037 1607 2085 fibrarum
1630 2038 1670 2085 se
1695 2042 2039 2102 expandentem.
2080 2046 2200 2092 Flui-

1213 2101 1321 2147 dum
1348 2104 1593 2150 motorium
1625 2121 1721 2150 non
1749 2104 1866 2165 poffe
1900 2105 2048 2154 subire
2077 2110 2201 2156 locu-

1214 2167 1280 2211 los
1310 2165 1525 2213 fibrarum
1549 2166 1903 2217 musculofarum
1920 2206 1933 2225 ‚
1967 2170 2049 2218 nisi
2075 2171 2199 2219 abso-

1214 2232 1308 2275 luta
1341 2231 1676 2286 contractione,
1721 2234 1763 2282 δι
1798 2245 1899 2281 toto
1926 2235 2060 2282 corde
2090 2238 2202 2284 rela-

1211 2306 1320 2339 xato
1350 2296 1391 2340 &
1418 2295 1633 2348 dilatat05
1670 2295 1727 2344 sic
1754 2299 1947 2346 alternas
1969 2298 2068 2346 fieri
2093 2316 2203 2347 con-

1212 2357 1456 2406 traekiones
1489 2362 1530 2407 &
1557 2362 1870 2409 relaxationes.
1963 2364 2058 2410 Cur
2084 2365 2203 2411 auri·

1215 2422 1326 2467 culae
1356 2423 1527 2469 alterne
1559 2441 1663 2471 cum
1695 2426 1827 2486 corde
1854 2426 2199 2475 contrahantur.

1215 2487 1331 2531 Duae
1365 2488 1578 2534 auriculae
1611 2487 1743 2536 simul
1775 2503 1917 2551 agunt
1940 2525 1953 2544 ,
2006 2493 2047 2538 &
2072 2490 2203 2539 fimul

1215 2550 1305 2595 duo
1329 2553 1572 2599 ventriculi
1599 2555 1704 2612 quia
1730 2554 1940 2601 connexi.
2018 2557 2204 2603 Alterne

1216 2630 1323 2660 vero
1347 2615 1537 2663 fluidum
1564 2617 1810 2663 motorium
1841 2617 1890 2664 in
1916 2616 2051 2666 fibras
2087 2620 2205 2667 auri-

1215 2679 1418 2726 cularum
1442 2680 1629 2728 influere
1646 2681 1897 2741 cordisque.
1968 2682 2207 2744 Hypothe-

1217 2740 1271 2789 fis
1292 2778 1305 2797 ‚
1352 2757 1405 2791 ut
1432 2746 1644 2791 auriculae
1683 2744 1791 2791 dum
1830 2745 2202 2802 contrahuntur,

1217 2810 1499 2856 ventriculus
1515 2810 1753 2856 relaxetur.
1822 2810 1876 2856 In
1894 2812 2206 2859 contradiione

1218 2873 1463 2920 ventriculi
1498 2873 1669 2933 aliquid
1696 2885 1848 2920 tamen
1871 2872 2104 2936 sanguinis
2131 2892 2206 2936 per

1217 2936 1457 2987 intervalla
1497 2935 1734 3000 cuspidum
1775 2936 1993 2997 effluere,
2038 2941 2206 3004 quibus

2116 3004 2211 3054 val-
