2531 3394
822 133 868 192 §.
909 100 1218 192 1181.—'11'82.
1285 132 1630 189 DIARIA.
1891 158 1894 160 v
2006 167 2009 172 ι
2165 144 2293 199 ςόὅπ,

319 271 477 324 REGIS
512 260 747 326 funioulus
781 267 1051 316 umbilicalis
1074 283 1101 314 a
1132 264 1212 315 filo
1250 264 1448 327 quodam
1479 262 1772 317 constridius,
1806 265 1933 312 utin
1958 269 2153 317 varicem
2182 270 2254 318 in-

197 333 473 383 tumescunt.
2284 398 2288 399 ⁷

323 416 518 465 PERRIN
554 414 694 463 homo
731 416 871 463 altero
914 428 1021 460 rene
1051 410 1292 460 destitutus
1316 445 1330 466 ,
1386 411 1525 458 altero
1558 410 1755 473 majori,
1799 409 2040 467 morboso,
2089 417 2131 462 &
2167 416 2253 465 eal-

193 480 364 529 culosO.
1366 481 1383 489 ’

323 564 379 610 In
405 567 609 610 isset-cure
630 561 681 608 de
704 564 864 607 France
887 557 938 605 de
971 563 1104 616 1760.
1137 557 1205 605 Cl.
1228 558 1538 605 PERENOTTI
1584 556 1677 609 diff.
1714 558 1946 606 Tendines
1981 558 2217 618 aliquoties
2237 597 2256 616 ‚.

191 627 325 673 etiam
357 626 673 688 experimentis
713 625 763 670 in
791 623 978 669 homine
1011 620 1164 675 saetis,
1211 618 1441 668 insensiles
1482 619 1609 668 fuisse
1633 623 1763 669 vidit.
1851 624 1923 670 Sic
1954 623 2192 671 laceratam
2228 643 2254 672 a

190 691 404 738 dentibus
437 691 614 751 trepani
642 689 800 734 duram
832 687 1129 747 meningenu
1177 684 1235 732 sic
1261 687 1465 745 pleuram
1497 687 1539 732 ἃ
1563 686 1882 747 peritonaeum.

321 774 377 819 In
406 773 499 818 Αὲἶ.
528 771 849 820 Ηείυείὲεονιιιη
879 769 934 815 T.
957 769 1038 815 IV.
1083 775 1216 826 1760.
1251 768 1332 826 4.*

321 855 564 902 SCHMJDT
599 851 652 896 de
676 863 808 912 partu
840 851 1001 911 puellae
1029 851 1257 898 novennis
1285 866 1389 897 cum
1420 851 1629 898 mammis
1659 853 1700 898 Sc
1722 851 1851 899 ladke.

317 935 415 981 Alia
444 931 534 979 suis
561 933 670 979 locis
697 933 914 979 diximus.

310 1016 367 1061 In
396 1016 451 1061 T.
472 1015 530 1060 V.
559 1012 920 1073 verlmnzlelingen
939 1012 1015 1060 der
1040 1012 1602 1076 Hollandzemaatschappy
1621 1014 1698 1062 der
1711 1014 2020 1078 wetenskapen.
2098 1019 2145 1070 J.
2163 1033 2259 1063 van

188 1078 265 1125 cler
280 1080 428 1126 HAAR
457 1079 510 1124 de
533 1079 719 1125 tendine
745 1078 929 1124 Achillis
956 1090 1091 1138 rupto
1116 1078 1294 1138 aliquot
1316 1077 1666 1126 observationes·
1736 1081 1878 1127 Nulla
1910 1096 2115 1141 unquam
2144 1081 2252 1127 inde

184 1141 508 1203 symptomata,
544 1141 696 1189 sensus
726 1142 898 1187 nullus.

315 1225 448 1272 IDEM
476 1225 525 1270 in
565 1221 924 1284 verhundelingen
959 1222 1037 1269 der
1070 1223 1312 1274 Hollmzdze
1351 1222 1648 1287 iflaatschappy
1677 1226 1732 1272 T.
1748 1224 1832 1274 Xl.
1861 1227 1906 1273 P.
1937 1238 1979 1274 2.
2021 1228 2075 1274 de
2108 1227 2258 1275 crusta·

183 1288 384 1398 coissacea
402 1286 658 1350 sanguinis:
700 1289 872 1357 nullam
896 1286 1042 1341 nasci,
1079 1286 1112 1334 fi
1143 1289 1193 1334 in
1221 1287 1386 1350 frigido
1416 1297 1514 1335 aere
1538 1288 1806 1352 sanguinem
1834 1291 1885 1337 in
1905 1289 2121 1354 frigidum
2147 1290 2251 1340 vasa

184 1368 247 1399 mi
272 1367 372 1399 eris.

314 1435 369 1481 In
398 1435 453 1481 T.
467 1433 577 1482 XV.
606 1435 695 1495 egit
722 1433 775 1480 de
800 1430 967 1481 offibus
994 1445 1155 1495 praeter
1177 1446 1390 1482 naturam
1414 1433 1563 1489 natis,
1602 1452 1703 1497 quae
1729 1436 1944 1498 perinde,
1977 1449 2031 1485 ut
2063 1454 2161 1499 egO,
2193 1454 2250 1485 ex

179 1498 312 1548 succo
341 1497 574 1546 consistere
602 1499 749 1545 docet.

308 1583 355 1629 P.
374 1583 528 1628 SANOE
551 1580 604 1627 de
621 1582 768 1641 puella
784 1615 795 1633 ,
824 1580 898 1627 cui
925 1580 1037 1626 dura
1059 1578 1318 1627 membrana
1333 1583 1541 1642 vaginam
1566 1581 1818 1637 claudebat,
1847 1600 1896 1629 ea
1922 1581 2061 1631 incisa
2079 1581 2246 1630 sanata.

308 1665 411 1711 Hoc
448 1680 570 1709 anno
602 1663 721 1723 cepit
751 1661 929 1722 prodire
970 1663 1127 1709 recueil
1157 1663 1208 1708 de
1243 1668 1458 1710 memoires
1490 1677 1749 1711 concernunt
1782 1665 2029 1712 l’aeconomie
2064 1666 2211 1712 rurale
2230 1698 2252 1718 ‚-

170 1741 261 1790 par
294 1745 375 1774 une
401 1727 555 1786 sbciete‘
598 1728 739 1773 Berne
763 1733 896 1787 1760.
924 1725 1004 1780 8.*
1032 1728 1084 1773 in
1121 1744 1210 1787 qua
1230 1730 1516 1776 eolledlione
1551 1727 1742 1776 subinde
1778 1730 1928 1790 aliqua
1957 1730 2012 1776 ad
2042 1746 2138 1777 rem
2164 1745 2257 1776 no·-

182 1792 316 1838 stram
347 1790 563 1852 spedlant.

311 1876 368 1921 In
401 1871 756 1935 Hamhurgg'sches
784 1877 1000 1935 Asagazin
1034 1873 1088 1920 T.
1110 1873 1294 1921 XXIV.

310 1954 548 2066 J.bMatth.
570 1957 712 2027 HUBE
739 1956 792 2002 de
822 1955 1114 2017 generatione
1141 1957 1420 2004 animalium.
1489 1957 1681 2005 Novum
1700 1959 1867 2005 animal
1890 1976 1968 2021 per
1989 1955 2251 2022 epigenefin·

178 2035 235 2066 ex
262 2036 357 2066 cere
397 2037 446 2066 ro
474 2035 600 2066 oriri.

308 2102 448 2149 IDEM
481 2102 530 2147 in
558 2103 613 2148 T.
630 2101 787 2148 XXV.
817 2101 870 2148 de
902 2100 1114 2149 sensuum
1142 2100 1510 2162 inpreffionibus.
1579 2103 1746 2150 Veram
1781 2100 1975 2165 figuram
2005 2105 2169 2166 objeffi
2197 2105 2247 2151 in

176 2166 322 2212 retina
350 2166 596 2218 delineari3
644 2167 699 2211 ab
731 2163 1008 2213 oscillatione
1034 2166 1241 2227 perhanc
1269 2166 1462 2228 figuram
1485 2180 1606 2220 nata,
1636 2184 1714 2228 per
1737 2169 1981 2214 continuas
1999 2168 2133 2216 fibras
2155 2185 2246 2214 me-

179 2229 371 2276 dullares
396 2264 408 2282 ‚
447 2231 496 2275 in
530 2230 709 2276 cerebro
739 2230 969 2290 produffis
996 2231 1050 2277 iis
1075 2229 1231 2283 fibris,
1267 2229 1455 2278 fimilem
1479 2231 1673 2293 figuram
1709 2231 1958 2289 delineari:
2002 2231 2058 2280 fic
2092 2232 2246 2279 sonos.

309 2309 609 2371 Dresdnisches
637 2315 849 2372 Magazin
877 2310 1034 2359 Dresd.
1057 2319 1190 2370 1760.
1217 2319 1258 2366 8.
1290 2315 1346 2360 T.
1361 2314 1396 2360 I.
1431 2330 1472 2374 p.
1502 2327 1573 2372 17.
1618 2312 1720 2360 Post
1745 2314 1953 2374 rapidum
1983 2315 2070 2361 iter
2098 2315 2248 2373 rangi-

179 2371 326 2420 ferum
350 2372 508 2420 debere
537 2375 695 2420 occidi.
721 2376 928 2435 alioquin
955 2376 1226 2436 periturum.
1297 2378 1461 2438 Aliqua
1488 2379 1736 2439 zoologica.
1803 2380 1859 2426 T.
1885 2379 1942 2426 ΙΙ.
1978 2385 2112 2438 1765.
2163 2378 2248 2424 Po-

177 2439 272 2498 lypi
301 2439 515 2485 brevibus
543 2438 765 2491 brachiis,
805 2440 882 2485 alii
913 2441 992 2499 qui
1019 2441 1069 2486 in
1093 2441 1207 2487 duos
1235 2439 1494 2488 finduntur.
1569 2488 1573 2489 ⁷

311 2519 382 2567 Gli
416 2523 504 2565 atti
547 2519 648 2565 deli’
691 2519 925 2566 Academia
967 2520 1069 2566 delle
1101 2521 1269 2579 scienze
1309 2522 1356 2569 di
1388 2527 1541 2578 Siena,
1585 2524 1706 2571 detta
1736 2523 1788 2571 de
1814 2523 1934 2588 fifico
1970 2526 2109 2571 critici
2145 2520 2248 2569 dell'

177 2600 217 2632 a.
249 2590 385 2644 1760.
422 2584 555 2632 Siena
580 2591 713 2643 1761.
744 2582 824 2641 4*
890 2585 999 2631 Fere
1021 2586 1228 2645 praefica.

685 2712 730 2770 §.
766 2714 1175 2763 MCLXXXII.
1252 2719 1401 2764 Petrm
1428 2719 1707 2772 LYONNET‚

307 2830 523 2877 Diximus
553 2830 607 2877 de
631 2831 752 2877 notis
781 2831 831 2876 in
860 2831 1064 2878 LESSEm
1102 2828 1569 2895 insediotheologiam.

309 2911 420 2958 Inde
450 2915 615 2975 Haagae
650 2912 790 2958 edidit
824 2918 959 2970 1760.
991 2914 1066 2971 4*
1102 2917 1238 2960 truite‘
1275 2920 1545 2975 anatomiqwe
1578 2913 1629 2960 de
1654 2914 1697 2960 la
1731 2912 1906 2961 Chenille
1939 2917 2015 2975 qui
2042 2930 2171 2977 rouge
2205 2915 2247 2963 le

173 2971 264 3021 bois
291 2974 350 3022 du
371 2976 507 3036 saule.
574 2977 807 3028 Eximium
834 2993 976 3040 opus,
1012 2993 1103 3040 quo
1132 2994 1313 3092 omili3e1kp
1334 2980 1769 3091 {ngmmERDAmu
1806 2979 2075 3029 indultriam
2101 2983 2236 3091 lpnge

1444 3055 1477 3090 2
2133 3060 2242 3104 upe-
