2531 3394
814 111 860 173 ὃ.
903 121 1039 177 Γῐςό.
1083 125 1220 177 1157.
1286 115 1333 165 V
1367 117 1408 165 A
1439 116 1482 165 R
1510 113 1538 164 Ϊ
1569 116 1606 164 1ss
2154 96 2257 185 523}

273 276 281 283 ·
321 249 444 306 Drey
464 244 775 309 merkwiirdige
786 230 1125 310 Abhandluiagen
1141 264 1228 295 von
1248 246 1327 294 der
1339 244 1738 309 Einbildungslcraft
1752 249 1827 295 der
1840 250 2114 316 sclmangern
2130 261 2192 304 W
2188 261 2262 302 ei&

194 310 268 359 her
281 312 522 371 Argentor.
543 317 678 370 1756.
698 309 775 365 8.*
788 312 1420 364 BLONDELL1,·MAUCLER01
1438 324 1596 357 contra
1608 312 1744 359 Bton
1755 326 1984 371 BELLUM,
2000 321 2243 367 BELLOTI.

321 394 530 438 Antonius
550 394 847 446 MATANus,
869 389 986 438 Pros.
1008 389 1194 438 Pisanus
1212 425 1225 444 ,
1261 391 1315 438 de
1344 392 1688 452 anevvyfhmticzk
1717 396 2051 456 praecordiorum
2092 401 2245 447 morht}

189 453 362 515 scripsit
390 457 632 503 Florentiae
660 463 796 514 1756.v
819 454 898 514 4.*
920 455 1012 514 vqui
1039 455 1218 504 libellus
1245 453 1358 517 saepe
1381 455 1562 503 recusus
1588 456 1664 503 est.
1734 456 1901 506 Causas
1932 460 2048 521 polse
2075 463 2170 522 jam
2193 465 2243 510 in

189 520 389 566 molliori
416 522 681 567 arteriarum
702 518 822 566 fetus
847 516 1016 564 fabrica
1041 516 1138 564 effe.

195 652 200 659 ,
319 602 516 648 BAGIEU
545 617 720 647 examen
758 598 809 645 cle
834 598 1039 660 plusieurs
1065 604 1233 661 parties
1264 598 1317 646 de
1348 600 1391 646 la
1428 599 1642 663 chirurgie
1679 602 1852 665 d'apre's
1888 603 1945 650 les
1969 606 2083 666 faits
2123 608 2178 653 T.
2206 610 2242 655 I.

189 665 311 712 Paris
340 671 476 723 1756.
503 663 610 711 12.*
674 664 729 709 In
750 661 840 709 suis
863 663 920 708 ad
947 664 1246 710 RAVATONH
1281 666 1322 710 δι
1346 665 1505 714 Lotus
1534 665 1594 711 de.
1615 668 2004 727 amputationibus
2025 684 2245 731 praecepta

191 728 594 780 adnotationibus,
625 724 729 773 satis
761 739 964 773 accurate
989 727 1173 773 arterias
1201 725 1384 774 femoris
1415 727 1637 776 describit.

320 811 375 857 T.
389 810 447 856 ΙΙ.
476 820 611 867 1757.
641 805 750 856 12.*
769 807 1004 855 Tendines
1027 824 1120 854 non
1147 807 1323 863 dolere,
1359 825 1506 869 neque
1527 807 1830 870 symptomata
1847 810 1991 859 facere
2008 814 2241 862 laceratos.

320 894 442 937 P‘etri
469 894 588 943 Jonae
619 890 800 936 BERGH
819 924 831 943 ,
872 890 960 936 viri
987 890 1178 950 egregii,
1203 888 1355 950 fo'rso‘k
1380 891 1436 936 til
1458 890 1509 936 de
1532 896 1599 937 uti
1625 894 1809 953 Siva-ige
1826 893 2045 954 giingbczre
2065 895 2246 942 Siulcdo«

191 971 307 1001 mars
351 953 590 999 utrbnande
612 952 694 1012 fer
722 957 774 999 dr
803 965 939 1011 1755.
975 953 1215 1000 Stokholm
1244 959 1378 1011 1756.
1415 952 1494 1007 8.*
1561 956 1725 1015 Aliqua
1756 956 1810 1002 ad
1847 958 2021 1004 tabulas
2050 960 2247 1005 morien-

190 1021 307 1065 tium
341 1018 383 1063 &
406 1029 634 1063 natorum.
704 1017 875 1076 Utique
902 1015 1235 1063 numerosiores
1261 1016 1342 1062 effe
1372 1029 1554 1077 partus,
1590 1020 1631 1064 &
1653 1018 1708 1064 ad
1734 1019 1941 1067 viventes
1968 1034 2021 1067 ut
2040 1034 2076 1067 1.
2095 1023 2150 1068 ad
2165 1035 2245 1082 43.

313 1099 368 1144 In
395 1097 598 1158 ejusdem
631 1099 776 1156 operis
804 1097 1040 1145 volumine
1062 1096 1364 1159 respondente
1385 1114 1507 1145 anno
1536 1111 1672 1159 1757.
1705 1101 1865 1148 relatio
1898 1100 1952 1148 de
1986 1102 2168 1151 flatibus
2189 1120 2246 1150 ex

185 1172 318 1210 utero
338 1161 758 1222 prorumpentibus.

316 1244 448 1291 IDEM
474 1245 524 1288 in
549 1241 760 1300 VVetensk.
789 1242 928 1290 Acad.
953 1243 1193 1305 Handling.
1221 1255 1359 1302 1772.
1384 1248 1502 1291 trim.
1523 1245 1560 1292 I.
1591 1245 1683 1305 egit
1710 1244 1763 1291 de
1785 1246 1896 1292 lacte
1920 1248 2146 1295 muliebri.
2191 1248 2245 1296 Id

190 1305 444 1367 lacrspo‘nte
470 1322 567 1352 non
592 1304 788 1352 acescere
805 1341 817 1359 ,
858 1323 1104 1354 cremorem
1130 1319 1282 1354 tamen
1304 1308 1386 1354 fibi
1411 1309 1649 1361 inducere,
1690 1310 1731 1354 ἃ
1753 1309 1801 1355 in
1820 1311 2006 1356 coctivae
2031 1329 2132 1358 cum
2154 1312 2245 1359 for-

189 1369 354 1418 tiffimo
369 1386 497 1416 acore
513 1370 695 1415 demum
714 1369 889 1417 caseum
905 1371 1144 1430 deponere.
1195 1372 1381 1418 Vidium
1405 1373 1697 1432 vegetabilem
1719 1372 1814 1432 ejus
1831 1385 2039 1420 naturam
2053 1388 2243 1430 mutare,

188 1447 243 1481 ut
260 1449 364 1481 cum
377 1444 502 1480 aceto
514 1450 640 1480 nunc
655 1447 860 1494 cogatur,
892 1437 932 1481 ἃ
950 1434 1109 1494 sponte
1122 1435 1171 1481 in
1187 1436 1332 1481 calido
1345 1443 1443 1481 aere
1458 1434 1642 1482 acescat.
1713 1438 1867 1492 Quare
1886 1454 1988 1483 cum
2003 1439 2069 1485 lac
2088 1441 2248 1486 mulie=

188 1499 267 1544 bre
288 1514 312 1543 a
338 1498 525 1543 vaccino
547 1496 712 1558 insigni
738 1511 849 1544 nota
874 1495 1076 1552 differat,
1114 1497 1291 1545 deseth
1309 1511 1484 1545 naturae
1509 1497 1766 1552 acescentis,
1802 1516 1898 1546 non
1920 1500 2036 1561 posse
2056 1504 2243 1562 perinde

191 1560 272 1618 effe
306 1577 447 1621 puero
466 1595 478 1614 ‚
526 1577 639 1607 num
669 1574 867 1609 amatre
905 1564 1119 1616 lafitetur,
1137 1600 1138 1603 η
1157 1579 1269 1609 num
1290 1564 1478 1610 vaccino
1501 1565 1613 1610 laste
1643 1565 1804 1611 alatur.
1871 1565 1936 1612 ln-v
1955 1564 2124 1626 phthifi
2145 1583 2246 1614 mu-

190 1625 339 1673 liebre.
359 1627 428 1673 lac
451 1624 669 1687 praestare.

768 1754 812 1813 §.
850 1758 904 1804 M
920 1758 957 1804 C
970 1758 1006 1805 L
1017 1757 1144 1804 VII.
1243 1757 1463 1804 Percivall
1488 1759 1643 1806 POTT.

317 1853 516 1900 Celebris
544 1851 812 1914 Chirurgus.
882 1855 1002 1914 EJUS
1029 1854 1200 1912 treatifi’
1220 1870 1272 1900 on
1300 1866 1502 1915 rupturos
1536 1855 1732 1902 London
1755 1863 1893 1914 1756.
1911 1854 1997 1911 8.ψ
2035 1870 2169 1917 1771.
2201 1866 2244 1913 8,

194 1930 329 1975 1775.
355 1920 440 1970 8⁹⁶²
475 1917 626 1963 Partes
653 1934 675 1962 a
700 1917 862 1963 morbo
887 1916 1080 1963 adsedias
1113 1916 1338 1963 describit.
1407 1919 1711 1978 Appendicem
1745 1921 1978 1980 peritonaei
2013 1925 2130 1968 reste
2163 1925 2248 1968 cel-

187 1979 379 2027 lulosam
414 1978 537 2026 facit.
624 1980 854 2027 Tunicam
896 1982 1150 2041 vag-inalem
1188 1980 1310 2027 testis
1346 1998 1371 2027 a
1408 1983 1604 2043 vaginali
1641 1980 1803 2030 tuniea'
1832 1982 2028 2031 funiculi
2056 1984 2263 2046 separat.⁴

187 2045 361 2104 Utique
388 2043 518 2090 testes
555 2042 675 2090 setus
706 2045 754 2090 in
784 2045 1025 2090 abdomine
1058 2043 1292 2098 relidere,
1320 2047 1362 2091 &
1389 2061 1467 2104 per
1498 2044 1841 2104 respirationem
1882 2047 2091 2095 deorsum
2121 2050 2245 2110 pelli.

187 2108 255 2155 Ut
283 2108 534 2168 peritonaeo
567 2109 618 2153 in
645 2106 836 2168 speciem
862 2108 1059 2169 digitalis
1092 2107 1275 2168 depulso
1305 2107 1475 2154 herniae
1505 2107 1759 2157 nascantur.

318 2189 397 2249 EJ.
439 2189 658 2236 Prachcal
681 2188 872 2235 remarks
892 2205 944 2236 on
968 2188 1037 2236 the
1054 2188 1362 2249 lwdrocelnor
1378 2202 1521 2249 watry
1539 2203 1736 2252 rupture,
1765 2191 1856 2238 and
1872 2190 2176 2251 otlverdiftctfi’s
2203 2193 2257 2255 of
2280 2192 2283 2194 ’

189 2250 258 2298 the
274 2253 442 2312 taesticles
474 2253 670 2298 London
692 2259 825 2309 1762.
851 2253 927 2306 8.*
957 2266 1091 2311 1775.
1121 2254 1199 2307 8.*
1231 2255 1402 2300 lterum
1422 2256 1617 2312 partium
1636 2267 1860 2301 anatome.
1914 2256 2032 2302 Vasa
2048 2255 2247 2316 sperma-

191 2316 279 2361 tica
308 2314 389 2361 sub
416 2314 628 2361 musculis
660 2316 856 2375 obliquis
885 2315 1084 2362 transire.
1154 2318 1309 2363 Testes
1340 2318 1390 2362 in
1428 2315 1525 2363 fetu
1555 2320 1675 2364 intra
1708 2319 1932 2365 abdomen
1960 2319 2054 2365 effe.
2127 2321 2242 2366 Her-

188 2379 277 2423 niae
307 2380 574 2439 congenitae.
643 2380 739 2425 Hic.
760 2380 909 2425 noster
940 2380 998 2425 ob
1020 2379 1178 2427 rfontes
1199 2379 1302 2426 suos
1329 2396 1424 2426 non
1447 2381 1708 2428 nominatos
1734 2384 1979 2429 HUNTER}
2011 2381 2244 2428 censuram

191 2441 500 2501 expertusest.
580 2442 801 2501 Vaginale
831 2444 1122 2489 involucrum
1162 2442 1356 2490 funiculi
1394 2445 1621 2503 propriam
1653 2444 1930 2503 hydrocelen
1957 2447 2126 2505 patitur
2147 2480 2159 2497 ,
2194 2448 2245 2492 in

189 2521 277 2564 qua
305 2505 522 2564 vaginalis
549 2504 669 2551 testis
694 2503 831 2564 ipsius
862 2505 978 2552 nihil
1011 2508 1113 2552 vitii
1135 2506 1282 2553 habet.
1350 2507 1773 2568 Vaginalisaetunica
1793 2511 1994 2556 anterius
2014 2509 2165 2555 testem
2194 2510 2247 2555 li-

187 2568 348 2616 berum
377 2569 622 2627 relinquit,
659 2568 878 2628 posterius
902 2568 1174 2616 adhaerescit.

318 2651 391 2709 EJ.
427 2652 623 2695 Account
652 2648 705 2708 of
712 2666 738 2694 ιι
748 2651 998 2710 particular
1013 2649 1120 2696 kind
1134 2652 1187 2712 of
1195 2663 1376 2712 rupture
1390 2650 1643 2712 frequently
1666 2652 1890 2713 attending
1912 2666 2024 2714 upon
2042 2652 2242 2700 newborn

190 2711 378 2759 childern
390 2712 479 2758 mzd
479 2713 713 2770 sometimes
724 2724 808 2757 met
821 2711 922 2758 with
935 2718 979 2759 in
995 2714 1141 2760 adulti·
1161 2716 1305 2761 Lond.
1329 2727 1462 2773 1757.
1486 2715 1564 2767 8.*
1590 2729 1722 2774 1775.
1741 2720 1813 2769 8.*
1859 2718 2024 2761 lterum
2042 2716 2090 2761 in
2113 2717 2243 2763 omni

190 2774 287 2821 fetu
316 2776 444 2822 testes
475 2774 625 2822 sedere
661 2778 711 2821 in
734 2777 1001 2829 abdomine,
1040 2795 1178 2838 prope
1205 2795 1362 2831 renes,
1394 2795 1513 2838 pone
1536 2781 1834 2839 peritonaeum
1862 2780 2043 2837 quidem
2080 2782 2241 2836 (intra

189 2839 511 2894 peritonaeum,
548 2856 572 2885 a
602 2857 694 2899 quo
716 2838 841 2885 suam
866 2840 1172 2887 membranam
1207 2841 1440 2895 habent).
1520 2843 1823 2901 Praeparatum
1860 2841 2022 2888 habere
2058 2843 2113 2888 ad
2150 2844 2244 2889 exi-

192 2911 290 2945 tum
316 2902 504 2957 ostiu-m,
540 2920 617 2963 per
643 2903 766 2964 quod
806 2905 851 2948 in
882 2903 1139 2950 cellulosam
1180 2907 1315 2952 telam
1352 2903 1614 2957 descendat,
1652 2921 1844 2964 cumque
1872 2921 1922 2952 ea
1963 2904 2011 2952 in'
2039 2903 2240 2953 scrotum

191 2963 381 3025 migrare
399 2998 414 3020 ,
448 2983 786 3030 nonnunquam
815 2969 993 3017 veroin
1019 2968 1209 3032 inguine
1240 2967 1442 3015 refidere.
1523 2969 1593 3015 Ex
1620 2968 1744 3023 istis,
1782 2971 2082 3031 quampriores
2117 2970 2240 3015 dixe-

1172 3034 1213 3082 U
1235 3048 1268 3080 u
1301 3049 1332 3080 u
1363 3044 1393 3080 2
2067 3048 2233 3087 ramus,
