2531 3394
726 39 755 51 f

667 108 706 161 ς,
748 110 882 168 1056.
923 67 1059 168 1055.
1126 104 1476 167 Nan-Ero,
1509 162 1519 164 ἡ
1548 105 1779 158 VARII.
2110 83 2125 93 ‘'
2157 109 2245 169 383

313 205 515 288 Hermaia
539 236 766 287 VENEMA
792 239 884 286 vita
917 244 988 287 W.
1020 234 1236 286 Wilhelmi
1258 209 1415 299 MUYs
1437 237 1665 285 Franeker
1693 251 1826 299 1744.
1866 248 1908 296 8.

258 312 290 332 ”
313 320 469 383 Regeln
485 355 497 375 ,
524 337 622 368 vom
658 325 764 370 Urin
795 317 1094 383 unbetriiglich
1121 335 1180 369 zu
1200 315 1411 365 urtheilen
1441 320 1692 383 Nurnberg
1716 333 1851 381 1744.
1873 329 1916 377 8.

682 455 720 505 §.
756 449 1000 499 MLVII.
1101 453 1207 496 Ern.
1242 453 1454 504 Jeremias
1483 451 1731 500 NE1FELD.

307 552 411 596 Ern.
427 551 622 604 Jeremiae
642 549 874 596 NEIFELD
900 545 952 593 de
959 545 1097 608 genesi
1110 547 1259 594 calorit
1261 546 1453 608 febrium
1467 553 1842 597 intermittentimn
1874 549 1925 597 Li
1930 547 1990 610 ps.
2012 561 2145 609 1744.
2161 552 2242 611 4*

315 631 451 677 IDEM
473 629 525 676 de
528 628 760 688 secretione
763 629 874 690 spec.
893 629 929 675 Ι.
966 627 1257 686 desecretione
1279 627 1503 676 humorum
1518 635 1562 677 in
1569 646 1722 692 genere
1757 632 1998 680 Zullichau
2019 647 2152 693 1751.
2170 637 2246 689 8.*

180 695 238 743 In
262 695 452 742 Polonia
477 694 746 740 medicinam
777 692 900 738 facit.
971 692 1153 748 Qaerit
1182 708 1263 739 cur
1290 710 1344 739 ex
1375 711 1470 740 uno
1496 693 1714 755 sanguine
1736 707 1807 742 tot
1839 696 1999 744 diversi
2027 697 2243 746 humores

187 757 445 806 nascantur.
513 759 664 804 Multa
684 773 708 802 a
730 757 1070 803 BOERHAAVIO
1100 757 1318 809 retinuit,
1346 755 1477 804 series
1498 758 1709 806 vasorum
1729 778 1741 811 ;
1777 758 2072 808 secretionem
2102 780 2157 809 ex
2176 779 2245 809 ra-

185 822 314 869 mosa
344 821 519 868 arteria.
591 820 812 881 §anguini
837 822 879 866 &
911 818 1180 866 adtrahendi
1201 822 1294 866 vim
1319 820 1452 867 incise
1473 856 1485 875 ,
1529 826 1570 869 ἃ
1602 825 1733 870 aliam
1762 826 2026 872 electricam.
2098 829 2247 874 Secre-

181 889 246 933 tio
277 885 331 933 fit
353 902 386 932 a·
401 885 575 931 minori
604 885 822 931 diametro
848 884 1040 944 majores
1071 883 1285 944 globulos
1321 886 1603 933 excludente.
1672 889 1901 935 Humores
1935 889 2160 950 conpositi
2190 908 2246 938 ex

186 951 396 997 ductibus
423 948 777 995 confluentibus.
847 947 917 994 Ad
945 948 1132 994 calcaria
1160 946 1372 995 vasorum
1404 950 1617 1010 globulos
1659 950 1869 1005 dissilire,
1923 955 2061 1013 inque
2092 957 2246 1002 minu-

184 1016 322 1061 tiores
354 1014 474 1059 abire
504 1013 762 1059 moleculas.
831 1012 1038 1057 Minores
1066 1012 1275 1071 globulos
1300 1014 1453 1060 minus
1482 1013 1643 1061 densos
1672 1015 1767 1062 effe.
1838 1019 2127 1078 Angulorum
2165 1020 2246 1065 ali-

183 1095 319 1139 quam
335 1075 414 1123 effe
427 1076 704 1137 potestatem.
775 1076 830 1122 In
849 1073 961 1121 vasis
977 1074 1103 1121 flexis
1117 1076 1345 1123 confluere
1359 1077 1587 1139 globulos.
1657 1079 1742 1127 Sed
1761 1080 2246 1141 praetereafricti01iem

184 1143 430 1188 moleculas
462 1140 665 1186 electrica
702 1139 748 1185 vi
781 1139 1010 1191 imbuere,
1055 1139 1161 1185 inde
1188 1138 1231 1186 se
1265 1141 1467 1189 invicem
1495 1141 1761 1190 adtrahere:
1819 1142 1996 1192 facilius
2033 1148 2244 1207 globulos

182 1207 301 1252 mole
330 1207 371 1251 &
402 1201 617 1250 densitate
640 1204 859 1263 aequales,
896 1203 1050 1248 minus
1082 1204 1161 1262 qui
1185 1202 1323 1250 secus.
1394 1207 1685 1253 Celeritatem
1715 1206 1795 1254 effe
1817 1220 1869 1254 ut
1892 1208 2100 1257 diametri
2119 1209 2246 1257 vaso-

181 1285 299 1316 rum.
366 1268 621 1314 Humorem
649 1265 871 1315 secretum
903 1267 954 1314 in
979 1264 1234 1315 folliculum
1261 1267 1516 1331 depositum
1544 1272 1713 1319 mutari
1737 1272 1792 1320 ab
1814 1270 2051 1322 exhalante
2073 1276 2124 1322 in
2145 1276 2243 1337 ejus
2287 1294 2290 1297 ·

183 1348 344 1380 cavum
375 1332 552 1391 liquore
581 1333 662 1378 διο.

309 1413 443 1461 T.11.
476 1411 656 1460 secutus
684 1412 745 1459 est
770 1429 809 1459 a.
845 1419 980 1470 1763.
1017 1413 1253 1475 Glogaviae
1287 1412 1366 1469 8.*
1402 1418 1446 1464 &
1478 1417 1570 1479 agit
1602 1419 1655 1466 de
1682 1420 1916 1480 secretione
1946 1420 2168 1476 humorum
2198 1427 2246 1472 in

172 1477 325 1541 specie.
396 1477 561 1538 Aliqua
588 1479 1050 1524 HAMBERGERIANA
1078 1495 1184 1524 cum
1215 1480 1642 1530 BOERHAAVIANJS
1675 1487 1944 1547 conjungit,
1980 1499 2035 1534 ut
2067 1488 2248 1536 diffolu-

179 1546 352 1590 tionem
379 1539 627 1588 humorum
653 1542 703 1587 in
730 1539 842 1587 vasis
866 1542 1146 1596 minoribus,
1183 1543 1512 1592 adtrad’tionem
1542 1546 1792 1595 humorum
1817 1552 2042 1598 leviorum
2064 1553 2117 1598 ad
2142 1551 2246 1599 vasa

183 1607 423 1668 graviora3
470 1605 798 1651 adtractionem
838 1606 973 1651 etiam
1014 1603 1149 1653 habet
1187 1606 1394 1656 humoris
1434 1611 1656 1672 cujusque
1695 1614 1751 1660 ad
1785 1617 2028 1676 analogum
2057 1617 2108 1662 in
2142 1619 2243 1663 colo

178 1672 270 1733 jam
294 1669 623 1732 praestolantem
652 1667 849 1715 succum.
918 1670 1105 1716 Retinet
1128 1669 1377 1719 humorum
1401 1675 1666 1722 tenuiorum
1697 1676 1830 1725 series
1859 1696 1962 1726 cum
1995 1678 2086 1727 suis
2114 1679 2244 1729 vafis.

181 1734 459 1795 Sanguinem
491 1749 619 1780 venae
648 1745 883 1793 portarum
909 1732 1125 1780 arterioso
1153 1736 1371 1782 leviorem
1397 1737 1502 1792 effe,
1534 1741 1574 1785 &
1593 1742 1734 1802 magis
1755 1741 2061 1802 spirituosum.
2131 1745 2246 1792 Cor-

182 1815 346 1860 porum
369 1799 686 1858 organicorum
716 1798 766 1843 in
790 1795 957 1843 semine
980 1795 1376 1847 fermentationem
1408 1800 1643 1850 describit:
1689 1822 1738 1851 ea
1771 1805 2036 1868 corpuscula
2063 1809 2114 1854 in
2138 1809 2248 1856 inti-

180 1863 267 1909 mis
295 1863 526 1922 particulis
555 1860 788 1922 sanguinis
815 1862 982 1907 latere:
1030 1863 1186 1909 eadem
1217 1862 1374 1911 adfuso
1403 1882 1570 1913 nerveo
1597 1867 1729 1916 succo
1759 1887 1783 1916 a
1812 1887 1933 1917 nexu
1959 1872 2240 1933 reliquarum

182 1927 509 1987 particularum
542 1926 746 1978 liberari,
792 1925 856 1972 ita
885 1926 1045 1973 vitales
1071 1926 1184 1975 fieri.
1251 1929 1322 1976 Ad
1359 1928 1694 1980 exhalationem
1718 1946 1872 1981 tamen
1897 1936 2018 1997 ignis
2046 1937 2096 1983 in
2119 1935 2246 1998 frigi-

183 1991 356 2037 diorem
389 1997 537 2036 aerem
566 1988 853 2036 exhalatione
884 1991 1047 2036 utitur.

312 2072 367 2118 In
387 2072 590 2132 primitiis
622 2071 830 2118 Polonicis
863 2072 917 2118 T.
935 2072 969 2118 Ι.
995 2073 1086 2132 egit
1115 2073 1184 2120 Cl.
1206 2074 1440 2124 NE1FELD
1471 2076 1525 2123 de
1548 2079 1927 2137 manducatione,
1965 2083 2019 2131 de
2052 2081 2246 2144 degluti-

184 2137 336 2190 tione,
374 2137 427 2181 de
449 2136 681 2182 celeritate
703 2133 937 2196 sanguinis
961 2152 983 2182 a
1001 2137 1138 2184 variis
1160 2136 1371 2185 vasorum
1389 2143 1568 2201 angulis
1595 2156 1771 2192 mutata
1786 2180 1797 2199 ‚
1835 2147 1890 2192 ad
1916 2149 2243 2200 BQERHAAVH

180 2202 341 2262 placita
368 2202 409 2246 ἂ
429 2201 719 2253 ΜΑΒΤΙΝΠ,
756 2216 890 2260 quem
916 2201 1138 2247 lentorem
1165 2215 1298 2262 putat
1319 2204 1373 2249 ad
1395 2202 1642 2253 secretione
1670 2207 1922 2270 disponere.

310 2282 367 2328 In
387 2283 442 2329 T.
457 2282 517 2328 ΙΙ.
549 2281 602 2327 de
632 2282 858 2327 celeritate
890 2280 1123 2344 sanguinis
1146 2295 1201 2330 ut
1228 2283 1357 2332 causa
1381 2288 1636 2335 retardante
1660 2288 1980 2340 secretionum.

312 2364 371 2410 ln
397 2364 452 2410 T.
470 2364 552 2410 ΙΙΙ.
594 2363 646 2408 de
675 2361 896 2422 positione
935 2367 976 2412 &
1002 2364 1325 2414 divaricatione
1355 2367 1581 2425 vasorum,
1622 2384 1673 2419 ut
1707 2372 1835 2421 causa
1862 2375 2153 2423 antecedente
2185 2375 2248 2423 se-

185 2428 399 2477 cretionis
425 2427 530 2474 bilis
561 2427 610 2472 in
636 2425 795 2487 specie.

828 2553 873 2613 ς.
911 2559 965 2606 Μ
978 2560 1013 2606 L
1026 2559 1103 2608 VI
1117 2562 1136 2609 Ι
1149 2562 1182 2609 Ι.
1281 2562 1614 2627 Disputationes.

320 2660 499 2711 Thomas
532 2657 763 2719 Balthasar
783 2660 962 2709 HAVER
1003 2662 1056 2710 de
1083 2665 1328 2725 oscitatione
1363 2669 1485 2717 Leid.
1513 2682 1646 2730 1744.
1667 2669 1747 2730 4*

318 2747 559 2789 Dominicus
570 2743 805 2789 HUYBERS
821 2741 873 2788 de
887 2745 1090 2800 valvulis,
1116 2765 1204 2808 quae
1224 2752 1268 2795 in
1283 2752 1478 2811 intestinis
1500 2751 1559 2809 ἓξ)
1572 2757 1616 2799 in
1626 2753 1845 2814 systemate
1856 2756 2006 2816 venoso
2021 2760 2130 2805 acin
2157 2774 2249 2806 core

184 2803 237 2851 de
261 2818 495 2853 occurrunt
529 2806 653 2853 Leid.
677 2818 812 2865 1744.
834 2808 914 2865 4*
957 2809 1231 2859 Cellulosam
1253 2816 1388 2860 telam
1403 2813 1548 2863 facere
1563 2818 1791 2863 valvulam
1818 2820 1922 2873 coli,
1953 2837 2007 2867 ex
2027 2825 2247 2871 AL131N0.

281 2888 474 2958 “MARK
498 2889 752 2960 AKINSIDk}
789 2888 841 2934 de
874 2901 975 2936 ortu
1003 2888 1061 2947 ἓξ
1088 2896 1345 2943 incremento
1364 2897 1476 2958 fetus
1501 2896 1675 2944 humani
1711 2898 1835 2948 Leid.
1856 2913 1989 2963 1744.
2015 2904 2094 2964 4*
2161 2904 2249 2951 Vir

189 2947 391 2998 eruditus
420 2953 461 2999 &
485 2952 623 3002 Poeta
647 2953 698 3002 in
722 2953 851 3001 litem
879 2970 982 3002 cum
1008 2956 1183 3019 juniori
1201 2961 1443 3010 MONRoo
1464 2960 1640 3011 incidit.

2110 3032 2245 3081 IDEM
