2531 3394
768 162 812 224 ς.
845 156 948 227 εἰς.
982 172 1090 225 816.
1157 160 1204 215 F.
1236 178 1303 216 DE
1334 159 1717 216 REAUMUR.
2017 217 2020 230 ,
2210 152 2295 231 &3⁴

344 293 400 340 T.
422 291 484 340 V.
519 303 651 351 1739.
679 292 762 353 4.*
827 294 1097 353 Cicadarum
1123 291 1335 346 historia,
1371 293 1412 338 &
1443 305 1650 351 accurata
1688 306 1896 342 anatome
1928 301 2085 360 organi
2116 318 2268 350 earum

217 354 388 404 musici.
454 357 634 404 Deinde
670 369 804 419 apes:
845 358 927 404 hic⁴
957 357 1149 418 plurima
1185 355 1335 402 noster
1365 353 1564 415 perfecit.
1650 358 1762 404 Tres
1792 357 1922 406 sexus
1951 363 2267 418 confirmavit3

217 421 393 468 coitum
418 421 560 474 vidit3
606 422 780 469 causam
805 422 969 468 amoris
998 420 1205 478 apumin
1236 417 1309 479 spe
1335 417 1501 466 futurae
1527 421 1664 480 prolis
1686 421 1865 468 invenit
1886 442 1897 474 3
1938 426 2127 482 plurima
2154 430 2271 476 testi-

217 486 374 531 monia
403 484 694 546 praevisorum
717 486 773 531 ab
798 484 868 530 his
899 481 1077 529 inseetis
1112 481 1276 528 finium
1302 483 1468 529 adtulit
1486 517 1498 536 ,
1544 482 1658 543 ipsas
1687 500 1790 544 apes
1826 502 1942 544 aqua
1967 489 2016 532 in
2046 488 2268 549 stuporem

217 549 443 608 conjcdtas
471 550 521 596 in
551 560 790 596 numerato
818 546 1008 598 haimim
1045 545 1234 592 artificia
1261 543 1542 593 oeconomica
1567 547 1758 594 addidit.
1832 550 1900 595 Ex
1925 548 2133 596 saccharo
2150 570 2269 612 para-

212 622 315 658 tum
333 614 432 659 mel.
497 614 610 660 Non
635 610 789 672 sugere
806 608 1080 669 proboscide.
1151 611 1221 656 De
1238 611 1499 670 propolide,
1533 627 1630 656 cera
1648 645 1660 664 ‚
1699 614 1938 672 granulato
1958 615 2100 660 melle.
2170 617 2274 663 Cer-

217 691 301 723 vos
329 677 465 722 etiam
491 678 541 723 in
564 675 706 723 calida
731 676 915 734 regione
941 690 1113 719 cornua
1138 674 1343 734 dejicere.
1832 665 1850 685 ⁸

350 759 406 804 T.
426 759 507 804 VI.
544 767 679 814 1742.
706 753 788 814 4.*
837 756 893 802 In
923 753 1188 815 praefatione
1210 755 1404 815 plurima
1429 754 1482 801 de
1506 756 1712 817 polypis,
1750 773 1874 811 novo
1907 774 1959 804 eo
1980 768 2182 819 tempore
2206 761 2276 807 in·
2330 759 2334 762 ’

218 832 386 874 vento,
418 820 472 866 de
495 821 592 880 pari
621 820 671 866 in
698 819 858 865 urticis
892 818 1117 879 stellisque
1143 819 1330 864 marinis
1358 819 1603 879 pertinacia
1634 822 1754 867 vitae.
1823 819 2185 881 Ephemerorum
2210 825 2277 870 vi-

219 896 312 930 tam
341 901 436 930 non
454 900 535 944 pro
556 885 743 929 nomine
769 884 953 929 brevem
971 882 1052 928 effe
1076 901 1086 928 ε
1126 898 1287 928 eorum
1317 883 1523 929 evolutio
1544 917 1556 936 ‚
1597 882 1760 943 asperae
1780 887 1968 931 arteriae.
2038 886 2120 932 Per
2138 888 2278 934 ΜΑΖ-

220 961 398 998 ZQLINI
420 948 732 1007 experimenta
754 945 931 993 diffecsta
955 947 1167 993 animalia
1187 947 1355 993 vivere.
1425 948 1496 992 De
1529 946 1770 1007 aphidibus
1801 949 1968 995 iterum
1994 949 2144 1009 aliqua
2169 969 2183 1002 3
2217 949 2280 996 fe..

219 1011 424 1057 cunditas
450 1011 501 1057 in
525 1011 781 1072 virginibus
819 1011 916 1071 ejus
954 1012 1131 1071 generis
1169 1008 1470 1064 confirmata,
1518 1013 1559 1057 &
1598 1010 1933 1058 fecundationis
1973 1009 2159 1060 effedtus
2201 1030 2277 1074 per

219 1073 397 1134 aliquot
439 1075 753 1136 generationes
788 1074 1020 1121 durabilis.
1110 1074 1232 1122 Mira
1268 1072 1437 1121 fabrica
1467 1074 1790 1122 branchiarum
1823 1075 2065 1137 ephemeri.
2154 1078 2278 1126 Finis

223 1138 284 1185 est
310 1139 360 1184 in
382 1137 531 1185 musca
553 1139 760 1199 equaria,
796 1155 895 1199 quae
923 1155 1161 1199 nunquam
1190 1139 1355 1185 vermis
1382 1136 1490 1190 fuit.

345 1222 505 1266 Multa
525 1221 596 1266 vir
626 1221 694 1265 Ill.
726 1219 782 1265 ad
809 1221 1004 1280 reliquas
1035 1220 1303 1266 animalium
1332 1219 1478 1266 classes
1503 1234 1853 1280 praeparaverat,
1897 1239 1998 1284 quae
2021 1225 2070 1271 in
2092 1225 2282 1274 BUFFo-

221 1299 298 1332 ΝΠ
330 1300 491 1331 manus
521 1296 855 1344 pervenerunt,
891 1301 1000 1341 non
1017 1284 1201 1344 perinde
1230 1282 1506 1330 inseelorum
1540 1283 1744 1332 fautoris.

352 1366 428 1427 EJ.
464 1368 555 1411 Art
593 1365 644 1411 de
670 1365 792 1426 faire
829 1366 986 1411 eclorre
1016 1363 1074 1420 ἓξ
1103 1364 1288 1426 d’elever
1320 1383 1370 1412 en
1398 1378 1519 1412 toute
1544 1366 1684 1425 fizisbn
1717 1367 1788 1413 des
1818 1368 1986 1428 oifi³atcx
2013 1370 2282 1432 domestiques

221 1429 273 1476 de
303 1441 419 1475 toute
446 1429 600 1491 effiece,
629 1429 717 1488 soit
736 1442 821 1490 par
846 1429 888 1474 la
921 1428 1095 1475 chalem
1123 1428 1383 1489 dufumier,
1412 1430 1595 1492 Μιλύαν
1610 1431 1702 1476 celle
1722 1432 1781 1476 du
1800 1432 1880 1492 feu
1905 1433 2127 1480 ordinaire
2160 1437 2282 1483 Paris

225 1505 359 1552 174).
397 1505 467 1541 12.
504 1490 695 1540 2.Vol.*
736 1504 870 1551 1752.
897 1504 966 1539 12.
1000 1493 1187 1539 2.V01.*
1254 1493 1456 1539 Primum
1477 1493 1720 1540 methodus
1744 1495 2003 1556 AEgyptiaca
2030 1515 2085 1544 ex
2110 1500 2283 1547 SICAR-

222 1571 291 1605 Do
327 1557 529 1616 aliisque.
600 1557 712 1603 Inde
740 1557 793 1603 de
819 1555 903 1602 usu
934 1554 1175 1602 furnorum
1202 1558 1460 1617 vulgarium
1488 1558 1543 1603 ad
1572 1558 1780 1604 eumdem
1806 1558 1963 1614 finem,
2007 1578 2109 1608 cum
2136 1564 2285 1610 omni-

221 1620 310 1667 bus
339 1620 542 1667 artificiis
566 1622 608 1667 &
631 1622 831 1667 cautelis.
902 1621 1012 1667 Inde
1041 1621 1095 1665 de
1123 1619 1224 1666 fimi
1249 1621 1304 1666 ad
1327 1621 1634 1668 excludendos
1665 1624 1813 1682 pullos
1840 1622 1950 1677 usu,
1988 1625 2112 1685 quod
2144 1625 2284 1673 artifi-

223 1685 345 1731 cium
370 1685 459 1744 jam
479 1686 733 1745 Geoponici
759 1683 950 1737 habent,
988 1696 1140 1730 tamen
1166 1683 1366 1731 difficile.
1434 1687 1504 1731 De
1525 1686 1678 1731 labore
1707 1703 1799 1745 quo
1830 1689 1943 1747 pulli
1971 1688 2128 1749 testam
2156 1689 2284 1737 suam

222 1760 459 1808 rumpunt.
529 1750 598 1794 De
620 1750 705 1794 alia
726 1747 1007 1801 exclusione,
1048 1765 1149 1808 quae
1174 1749 1302 1808 parvi
1328 1747 1507 1795 furnuli
1533 1766 1617 1809 ope
1643 1747 1710 1796 fit.
1764 1751 2045 1798 Fecundatio
2069 1755 2178 1813 galli
2204 1771 2284 1814 per

224 1810 422 1858 mensem
458 1813 605 1858 valida
639 1810 847 1872 superest.
929 1814 1184 1858 Varietates
1221 1814 1491 1873 gallinarum
1532 1816 1573 1859 &
1609 1813 1841 1861 adulteria.
1925 1811 2190 1864 Exhalantis
2228 1817 2283 1864 de

224 1893 313 1923 ovo
342 1877 547 1922 materiei
573 1877 752 1936 pondus
790 1880 964 1942 (ovum
985 1877 1039 1922 ad
1070 1883 1169 1935 184.
1207 1893 1270 1937 gr.
1298 1876 1417 1923 redit
1439 1894 1493 1922 ex
1521 1879 1691 1936 1174.)

353 1957 512 2003 Primae
548 1957 762 2004 editionis
790 1959 1112 2018 compendium
1151 1957 1258 2004 fecit
1281 1956 1553 2005 Abrahamus
1577 1960 1887 2013 TREMBLEY‚
1933 1961 2059 2021 quod
2096 1963 2283 2024 Anglice

230 2021 400 2082 prodiit
426 2021 624 2067 London
655 2034 789 2079 1750.
817 2028 858 2075 8.
899 2020 968 2068 the
997 2035 1071 2069 art
1100 2022 1152 2083 of
1171 2020 1371 2083 haatching
1412 2022 1502 2068 and
1530 2022 1732 2084 bringing
1766 2037 1821 2084 up
1852 2024 2047 2086 domqiik
2065 2028 2200 2087 fowls
2231 2027 2284 2086 by

225 2102 367 2195 §aea-ns
389 2086 443 2145 of
461 2087 670 2178 artificissl
687 2084 807 2139 beat,
845 2086 963 2132 idem
992 2085 1135 2140 forte,
1181 2087 1304 2146 quod
1333 2091 1538 2148 pratique
1567 2086 1618 2132 de
1647 2088 1755 2132 Fert
1784 2087 1836 2133 de
1849 2088 1974 2149 faire
2001 2090 2162 2137 eclorre
2190 2089 2282 2146 &a

263 2161 611 2207 aris¹751.12.

355 2233 410 2277 In
435 2231 572 2277 altera
597 2231 797 2278 editione
823 2231 877 2278 de
897 2231 1164 2295 exclusione
1193 2248 1278 2291 ope
1305 2231 1521 2292 lampadis
1554 2232 1737 2292 aliqua3
1783 2235 1824 2279 ἃ
1860 2233 1914 2279 de
1947 2235 2093 2280 calore
2121 2233 2286 2282 faccum

230 2309 423 2341 uvarum
446 2312 456 2340 :
493 2293 685 2341 artificia
706 2297 829 2341 varia
853 2297 1020 2342 calores
1042 2297 1336 2356 temperandi.
1405 2297 1475 2341 De
1495 2312 1658 2341 venere
1694 2298 2047 2357 (improbabili)
2084 2300 2286 2345 cuniculi

232 2373 334 2403 cum
359 2358 524 2417 gallina
545 2376 556 2404 :
596 2359 649 2404 de
675 2361 970 2407 varietatibus
990 2395 1002 2413 ,
1035 2361 1172 2407 ctiam
1197 2361 1247 2406 in
1269 2358 1456 2406 homine
1486 2357 1838 2419 persistentibus.
1905 2362 1976 2408 De
2006 2360 2286 2422 saginatione

232 2421 384 2468 avium
409 2438 484 2481 per
506 2423 679 2468 lolium.

359 2503 626 2550 Germanice
656 2506 938 2567 Anwezszmg,
979 2510 1058 2552 wie
1077 2523 1177 2552 man
1204 2523 1260 2555 zu
1273 2505 1399 2564 jeder
1419 2504 1641 2561 Jahn-szeit
1661 2507 1827 2566 allerley
1847 2508 2037 2570 Gefliigel
2055 2506 2286 2554 alubi-iiten

220 2566 321 2627 sbHe
357 2567 596 2627 Augsburg
629 2575 762 2626 1757.
795 2577 924 2627 1768.
959 2576 1000 2623 8.
1070 2572 1242 2629 Belgice
1273 2570 1324 2616 de
1352 2570 1464 2631 konst
1493 2587 1557 2616 om
1586 2584 1726 2617 mame
1753 2572 1926 2632 vogelen
1948 2578 1991 2618 in
2012 2573 2088 2618 alle
2106 2574 2282 2629 jam-42·-

231 2630 400 2676 denuit
420 2642 461 2676 te
479 2630 647 2689 broejen
682 2632 813 2694 Haag
836 2647 968 2692 1751.
993 2645 1067 2686 12.
1105 2635 1260 2682 2.Vol.

592 2772 630 2822 §.
665 2769 1028 2818 DCCCXVI.
1097 2771 1153 2818 G.
1183 2773 1438 2820 Ermum.
1507 2775 1556 2821 L.
1581 2776 1908 2822 TERRANEUS.

362 2879 419 2925 G.
448 2879 709 2932 BERKLEY‚
741 2878 949 2941 Episcopi
977 2882 1024 2927 in
1048 2880 1249 2939 Cloyne·
1290 2883 1377 2929 viri
1404 2896 1577 2930 naturae
1609 2881 1789 2930 studiosi
1826 2884 1868 2928 &
1897 2881 2040 2942 gnari,
2074 2878 2192 2942 Effiry
2226 2890 2290 2925 to-

234 2942 375 2989 wards
403 2960 429 2987 a
458 2959 550 2988 new
575 2941 722 3003 theory
756 2947 808 3006 of
829 2945 961 3002 vtfion
1003 2945 1181 2991 Dublin
1210 2959 1341 3003 1709.
1368 2948 1445 3001 gf
1478 2950 1527 2993 in
1556 2950 1627 2993 tit.
1661 2963 1768 2992 nov.
1801 2945 1868 2991 ed.
1907 2947 2018 3000 (alii
2046 2951 2179 3001 1708.
2219 2949 2288 2995 8.)

235 3006 627 3065 Lond.1732.8.*
691 3009 805 3058 Non
827 3010 979 3057 videre
1004 3025 1090 3056 nos
1122 3025 1169 3055 ea
1191 3026 1292 3070 quae
1319 3013 1576 3073 tetigimus,
1613 3012 1654 3057 &
1679 3027 1734 3056 ex
1766 3010 1955 3057 arbitrio
1987 3010 2144 3056 divino
2182 3021 2290 3112 C‘''(15{{

2171 3084 2226 3114 ne
