2531 3394
238 123 378 206 γφέρε
610 108 613 120 ”
666 101 799 176 rra.
847 125 940 175 tx.
1031 121 1449 174 ANATOMES
1502 119 1944 173 PERFacrm.

215 300 232 306 e
260 260 399 323 pueri
430 271 575 320 nuper
613 258 711 304 nati
740 256 795 304 de
823 261 1001 319 pectore
1027 254 1250 318 pendu10‚
1289 251 1459 314 absque
1490 252 1638 300 sterno
1674 255 1715 299 &
1739 253 2015 314 pericardio,
2057 252 2203 315 deque
2237 253 2335 314 eJus

269 324 420 371 cordis
456 335 603 370 motu.
673 323 887 370 Colorem
923 338 1021 368 non
1063 319 1284 366 mutabat.
1353 319 1635 365 Arteriarum
1667 328 1821 364 motus
1862 320 2015 365 nullus
2045 331 2166 372 erat,
2213 320 2336 365 auris

269 385 442 435 sinistra
469 389 621 433 minor
654 388 735 433 &c.
1389 385 1399 391 ’

389 469 456 515 Jn
483 469 539 516 T.
555 469 638 515 111.
668 478 874 514 connatae
897 467 1056 526 puellae
1085 463 1331 511 abdomine
1342 464 1465 510 male
1495 461 1672 517 clause,
1708 461 1948 523 hepatibus
1969 462 2178 518 duobus,
2200 464 2335 512 corde

266 535 439 587 unico,
476 532 712 579 communi
739 530 921 590 utrique
955 528 1069 576 fetui
1099 529 1350 576 umbilicali
1374 526 1582 575 funiculo
1603 562 1617 582 ‚
1653 538 1707 574 ut
1735 528 1926 573 omnino
1952 527 2179 588 ejusmodi
2201 528 2336 576 fabri·

272 613 322 646 ca
344 594 446 644 casu
477 595 597 643 nasci
628 611 725 640 non
752 594 968 654 potuerit.
1444 627 1445 630 ,

396 679 462 725 'In
490 682 609 726 Nov.
637 682 683 725 E.
714 680 778 722 N.
809 679 849 723 C.
892 675 978 724 Vol.
997 674 1079 721 IV.
1117 673 1202 733 obs.
1231 685 1304 730 33.
1333 673 1450 720 dixit
1479 673 1533 720 de
1561 686 1690 734 partu
1725 671 2005 727 monstroso,
2041 684 2094 720 ut
2127 673 2177 720 in
2199 673 2339 734 majo·

265 743 336 791 sris
359 744 504 804 puelli
529 757 692 802 corpus
719 740 902 785 alterius
935 739 1127 785 minoris
1157 739 1385 785 anteriora
1417 738 1592 785 intrusa
1617 739 1896 785 viderentur.

373 825 458 934 dIn
499 825 594 871 Αὲἳ.
630 821 855 870 Helvetico
882 821 1062 868 T.V1L
1124 820 1285 867 Fetum
1313 817 1524 866 describit
1559 820 1803 867 abdomine
1836 833 2024 882 apert0‚
2069 818 2203 867 corde
2237 835 2339 880 pro-

272 903 370 949 pen
404 899 523 935 ente.

406 969 482 1030 EJ.
535 965 602 1016 De
628 966 918 1029 circumspeffo
944 966 1207 1014 cadaverum
1234 969 1429 1013 examine
1451 969 1605 1027 optimo
1627 967 1825 1029 prafficce
1854 966 2065 1013 medicinae
2083 965 2340 1013 adinim‘culo

277 1031 406 1086 Leid.
444 1044 578 1090 1772.
615 1035 691 1090 4.*
757 1033 953 1078 Nullum
990 1029 1073 1076 effe
1115 1038 1263 1076 aerem
1308 1032 1509 1090 pleuram
1542 1031 1662 1078 inter
1707 1034 1748 1078 &
1782 1032 2059 1092 pulmonem.
2130 1031 2342 1078 Ridicule

280 1094 580 1143 adhaesionem
610 1096 732 1143 durae
760 1095 1032 1141 membranae
1058 1094 1229 1141 cerebri
1251 1093 1307 1140 ad
1331 1094 1569 1141 calvariam
1590 1113 1671 1155 pro
1695 1097 1960 1141 morborum
1985 1092 2116 1142 causa
2138 1093 2310 1142 haberi.

349 1248 379 1288 6
413 1178 540 1271 Deg'zg
569 1182 654 1224 atti
677 1177 771 1224 dell‘
798 1176 1032 1225 Academia
1073 1175 1175 1223 delle
1198 1175 1368 1235 fisienze
1396 1175 1445 1223 di
1475 1179 1601 1225 Sienu
1632 1177 1752 1224 detta
1779 1176 1831 1223 de
1849 1175 1967 1240 fisico
1992 1174 2166 1225 critic'hi
2207 1176 2342 1224 Siena

282 1253 345 1300 -17
384 1253 424 1298 3.
453 1253 496 1300 4.
1484 1280 1487 1281 γ

415 1323 501 1395 CL.
528 1325 768 1372 MANCINI
811 1323 866 1371 ab
892 1322 1084 1370 irritatis
1124 1321 1173 1368 in
1204 1323 1445 1370 vulnerato
1479 1324 1771 1385 meningibus
1810 1323 1990 1370 nullum
2021 1319 2204 1369 sensum
2236 1322 2344 1370 cieri

224 1466 228 1469 ’
282 1399 466 1450 tepent·
861 1450 908 1508 §.
944 1451 1204 1499 MCCIX.
1303 1455 1467 1498 Diaria
1493 1456 1599 1498 anni
1632 1459 1766 1511 1764.

413 1554 472 1600 In
502 1551 656 1614 Philos.
694 1551 846 1612 Trans.
880 1552 967 1602 Vol.
988 1553 1108 1600 LIV.
1142 1555 1251 1600 anni
1278 1560 1413 1613 1764.

369 1651 605 1763 f{chama
644 1655 859 1701 HADLEY
899 1651 954 1699 de
1000 1654 1171 1700 mumia
1201 1653 1422 1716 Aegyptia
1459 1655 1571 1701 male
1606 1657 1793 1702 trad'tata
1816 1688 1829 1708 ‚
1875 1652 2019 1701 calida
2060 1654 2158 1716 pice
2211 1657 2346 1704 unice

279 1733 366 1779 zper
390 1735 417 1764 u
441 1734 480 1765 a.

421 1818 630 1864 WOLFE
653 1815 707 1862 de
735 1816 979 1863 coccinella
1005 1817 1244 1871 polonica,
1268 1817 1323 1864 ad
1352 1818 1522 1866 radices
1556 1817 1756 1879 fragariae
1783 1821 1823 1867 ὃς
1853 1819 2100 1879 potentillae
2127 1833 2348 1882 argenteae

297 1879 510 1943 deposita.
580 1881 731 1942 Pergit
761 1881 811 1926 in
842 1897 894 1926 eo
920 1894 1191 1942 argumento
1217 1883 1267 1928 in
1299 1884 1388 1931 Vol.
1409 1884 1533 1932 LVI.
1600 1881 1695 1943 lpse
1722 1883 1818 1930 hzec
1837 1885 2106 1931 animalcula
2131 1886 2319 1934 aluerat.

326 2045 353 2092 Γ
413 1979 556 2091 ἕιξὲὸ
584 1981 864 2053 JQHNSTON
893 1980 947 2026 de
979 1980 1177 2028 utilitate
1197 1983 1500 2044 gangliorum.
1557 1984 1740 2030 Nervos
1756 1983 1947 2045 imperio
1968 1985 2129 2032 animae
2149 2002 2227 2046 per
2241 2002 2349 2048 gan-

291 2063 324 2107 g
342 2062 385 2093 ia
433 2062 463 2091 u
530 2061 617 2091 uei.

416 2145 600 2205 ‘EJUSD·
636 2144 705 2189 De
731 2142 852 2198 fetu,
890 2144 1019 2205 cujus
1046 2144 1250 2192 cranium
1279 2147 1320 2192 &
1349 2146 1583 2193 cerebrum
1613 2145 1924 2208 imperfectum
1953 2160 2062 2196 erat.

420 2244 555 2291 IDEM
594 2243 644 2288 in
673 2241 821 2302 Philos.
857 2242 1076 2301 Transii&
1113 2245 1200 2290 Vol.
1227 2246 1325 2292 LX.
1355 2262 1433 2306 per
1459 2247 1766 2307 experimenta
1793 2245 2057 2302 confirmat,
2095 2248 2223 2296 iridis
2255 2266 2349 2298 mo-

296 2320 400 2356 tum
425 2305 540 2354 nihil
561 2307 653 2366 pati
675 2323 700 2355 a
725 2321 971 2354 nervorum
999 2309 1272 2356 irritatione.

426 2407 601 2478 EJUfSD.
636 2402 757 2466 Elfizy
783 2421 835 2451 on
858 2403 927 2451 the
951 2406 1017 2465 us}
1042 2407 1095 2468 os
1114 2405 1182 2454 the
1198 2409 1423 2469 ganglions
1449 2409 1504 2470 of
1513 2407 1581 2455 the
1602 2427 1753 2456 nerves
1781 2398 2086 2472 Shrewsbury
2111 2425 2241 2471 1771.
2264 2413 2349 2467 8.*

299 2471 499 2530 Ganglia
527 2481 854 2527 interrumpere
888 2470 1110 2516 astionem
1146 2473 1428 2525 voluntatis,
1466 2475 1508 2519 ἃ
1538 2490 1613 2519 cos
1653 2490 1817 2534 nervos
1855 2476 1908 2520 de
1939 2477 2101 2522 anirnae
2137 2476 2346 2524 satellitio

297 2533 497 2586 excludi,
523 2533 603 2592 qui
629 2534 808 2592 ganglia
828 2530 1037 2578 subeunt.
1105 2536 1274 2580 Iterum
1303 2552 1466 2582 nervos
1496 2538 1645 2584 cordis
1663 2572 1676 2590 ‚
1714 2540 1755 2584 ἃ
1778 2537 1917 2597 ipsam
1942 2539 2183 2587 medullam
2204 2539 2350 2599 spina-

294 2599 389 2646 lem
407 2631 420 2650 ‚
453 2596 708 2645 irritatione
731 2594 807 2652 sua
836 2593 951 2640 nihil
976 2596 1025 2640 in
1051 2613 1184 2644 motu
1209 2600 1355 2646 cordis
1388 2613 1578 2646 mutare.
1649 2602 1742 2647 Cor
1772 2615 2014 2649 vacuatum
2045 2605 2269 2661 extemplo
2294 2603 2349 2650 de

303 2673 434 2721 motu
446 2658 661 2706 desistere.
694 2660 878 2705 Motum
891 2658 946 2703 ab
962 2658 1215 2707 irritatione
1241 2661 1363 2708 nasci
1386 2662 1531 2709 visum
1554 2680 1579 2709 a
1594 2665 1725 2711 DEO
1747 2664 1981 2724 proficisci.
2021 2666 2215 2726 Ganglia
2234 2665 2350 2726 posse

293 2725 440 2772 -etiatn
468 2740 547 2784 pro
572 2721 868 2770 inferioribus
900 2737 1146 2768 nervorum
1178 2726 1462 2783 originibus,
1508 2729 1549 2773 &
1580 2726 1702 2787 quasi
1743 2729 1934 2776 cerebris
1959 2728 2141 2782 haberi,
2177 2731 2350 2778 medul-

301 2788 393 2835 lam
422 2788 543 2833 enim
566 2787 800 2833 continere
824 2787 864 2832 ἃ
897 2786 1153 2832 corticalem
1186 2786 1496 2836 substantiam.

445 2887 502 2931 In
529 2890 663 2932 Mem.
695 2885 747 2932 de
772 2883 943 2932 l’Acad.
972 2883 1044 2931 des
1065 2887 1225 2932 Scienc.
1254 2894 1392 2945 1764.
1427 2889 1486 2935 D.
1508 2889 1705 2937 TILLET
1726 2892 1768 2936 Sc
1790 2891 2053 2938 Durum-:L
2074 2892 2128 2939 de
2149 2895 2349 2943 maximo

305 2947 449 3014 gradu
484 2951 648 3003 caloris
676 2951 957 3004 retulerunt,
993 2964 1129 3017 quem
1153 2948 1293 2997 homo
1330 2949 1446 3000 ferre
1477 2953 1642 3013 potest.
1708 2955 1939 3001 furnariae
1968 2958 2128 3016 puellae
2156 2958 2208 3004 in
2244 2970 2349 3007 112.

2207 3021 2353 3083 gradu
