2531 3394
2093 82 2103 106 ζ

252 143 343 188 150
565 104 593 199 J
649 129 784 174 ΜΒ.
833 129 924 173 IX.
992 119 1408 172 ANATOMES
1457 118 1903 179 PERFEcrio.

248 257 435 318 perinde
474 255 528 302 ab
562 255 879 316 experimentis
906 253 961 300 ad
987 269 1146 300 verum
1181 246 1582 296 demonstrandum
1621 245 1879 295 instrudffls.
1966 249 2294 296 MALPMJHIA-

248 335 362 368 NAM
392 319 662 367 sententiam
686 318 911 371 defendit,
950 333 1096 376 neque
1130 316 1279 361 ovulis
1315 315 1635 360 GRAAFIANIS
1672 308 1861 365 favens,
1901 327 2048 372 neque
2078 311 2295 359 invisibili

249 386 389 432 ovulo
422 385 752 436 VALISNERH,
793 398 941 441 neque
969 379 1245 440 spermaticis
1276 377 1560 429 vermiculis,
1614 392 1729 436 quos
1754 385 1908 421 tamen
1940 374 2136 435 hospites
2178 376 2295 421 nati-

246 465 330 495 vos
362 447 442 495 effe
470 447 496 494 s
490 449 651 494 eminis
677 447 901 498 admittit,
937 460 1131 504 quorum
1153 443 1326 488 utilitas
1350 443 1602 502 ignoretur.
1671 440 1728 486 In
1746 452 1876 485 utero
1898 436 2113 485 feminam
2137 438 2293 485 fecun-

236 505 370 566 dari,
407 529 554 572 neque
578 510 729 557 semen
754 510 808 554 ad
830 509 1039 554 ovarium
1065 506 1236 552 venire.

375 595 449 653 EJ.
488 592 687 641 Vindicice
707 602 857 636 contra
879 588 1063 650 epistolas·
1086 590 1208 632 Petri
1233 586 1467 632 BLANCHI
1501 585 1560 631 D.
1594 584 1758 631 Venet.
1788 594 1926 642 1724.-
1950 582 2028 642 43*
2092 584 2195 630 Hoc
2214 600 2296 630 no-

247 675 353 705 men
377 658 438 704 est
453 654 680 717 Ragusino
693 653 868 699 medico
882 686 894 705 ‚
929 649 1149 709 discipulo
1164 649 1422 696 VALlsNER
1433 663 1471 694 11
1492 682 1504 702 ,
1544 649 1624 708 qui
1643 660 1962 709 praeceptorem
1984 645 2118 693 suum
2137 659 2294 694 contra

246 724 525 770 PAITONUM
542 718 718 765 duabus
730 717 906 762 acribus
925 713 1120 774 epistolis
1136 712 1282 758 tuitus
1296 712 1371 758 est.
1425 713 1481 758 In
1493 714 1635 772 prima
1655 712 1836 772 epistola
1851 710 2000 757 noster
2012 710 2206 756 ostendit
2220 727 2296 756 ne-

249 785 355 832 cesse
383 784 462 830 effe
487 782 635 828 semen
660 778 901 832 resorberi,
937 781 979 825 ἃ
1010 778 1059 823 in
1084 775 1348 835 sanguinem
1384 776 1554 828 redire,
1587 774 1671 821 nisi
1693 777 1743 821 in
1766 772 2036 821 immensum
2064 774 2176 820 velis
2198 790 2298 820 coa-

247 849 430 896 cervari.
497 848 552 893 In
584 847 720 890 altera
745 855 906 904 negat,
946 853 1077 888 motu
1107 840 1233 887 tubae
1261 837 1380 900 pofl'e
1403 839 1602 898 aliquam
1631 855 1785 885 auram
1816 837 2076 885 seminalem
2100 837 2155 884 ad
2189 854 2296 884 ova·
2362 886 2370 890 N

245 915 364 960 rium
392 910 665 972 promoveri.

357 989 671 1058 NBartholomaei
686 990 1004 1042 BOSCHETTI,
1023 986 1286 1038 Vicentini,
1307 983 1361 1030 de
1375 982 1636 1042 salivatione
1651 985 1896 1030 mercuriali
1908 983 2073 1030 Venet.
2097 994 2228 1041 1722.
2250 996 2297 1043 4.

245 1069 397 1168 ἑῖἐςᾶ
424 1054 511 1167 {iil
514 1067 690 1165 is1744.
715 1066 762 1113 4.
810 1050 1082 1102 Offenbach.
1117 1063 1252 1110 1734.
1280 1051 1358 1108 4?⁶
1387 1049 1536 1108 aliqua
1571 1048 1625 1095 de
1659 1046 1809 1095 salivae
1832 1046 2042 1094 fontibus
2058 1081 2070 1100 ,
2106 1060 2297 1102 natura,

372 1203 415 1264 J.
440 1203 779 1253 MASSONEAU‚
816 1200 883 1245 M.
907 1199 966 1244 D.
1005 1199 1047 1244 &
1072 1195 1340 1257 Chirurgus.
1409 1195 1529 1255 EJUS
1571 1197 1768 1255 Cirurgia
1806 1192 1988 1238 natural
2015 1191 2122 1238 data
2153 1191 2200 1238 al
2224 1191 2301 1242 luz

237 1280 322 1330 por
341 1268 380 1312 el
393 1266 588 1326 fizpremo
615 1277 744 1311 antor
765 1263 836 1309 del
852 1261 1009 1308 mundo
1035 1280 1084 1308 en
1105 1263 1148 1308 la
1171 1265 1363 1308 creacion
1388 1258 1440 1305 de
1463 1256 1665 1305 l⁷hombre
1695 1257 1866 1305 Madrit
1894 1267 2026 1314 1722.
2047 1268 2091 1315 4.
2120 1256 2302 1303 videtur

244 1329 325 1377 effe
358 1328 654 1391 phyfiologici
679 1327 949 1389 argumenti.

372 1412 416 1474 J.
441 1411 532 1458 W.
556 1411 772 1457 ALRUTZ
807 1408 1082 1458 Vademecum
1104 1402 1678 1467 anatomico-chirurgicnm
1711 1404 1941 1450 Hanover.
1965 1413 2100 1462 1722.
2124 1408 2168 1456 8.
2230 1442 2236 1446 .

375 1499 441 1541 La
465 1492 870 1552 medecinestatiqne
885 1490 937 1536 de
950 1492 1290 1542 SANCTORIUS,
1313 1487 1508 1534 traduite
1518 1499 1605 1547 par
1617 1485 1875 1532 leBRETON
1915 1482 2206 1550 Paris-1722.
2229 1489 2303 1531 16.

373 1579 421 1629 J.
449 1574 568 1621 Frid.
597 1575 843 1626 HENKEL‚
879 1572 1064 1618 celebris
1085 1570 1341 1630 metallurgi
1358 1604 1369 1623 ,
1412 1565 1780 1628 Verwandtschaft
1796 1565 1873 1611 der
1891 1566 2098 1628 Pflanzen
2117 1570 2194 1610 mit
2208 1564 2301 1610 dem

244 1636 583 1704 Minerajreiche
626 1635 743 1698 Lips.
775 1649 910 1696 1722.
945 1635 1021 1690 8.*
1088 1636 1158 1681 De
1195 1647 1314 1681 terra
1355 1631 1517 1679 osfium
1560 1632 1869 1678 humanorum
1904 1631 1945 1676 &
1979 1630 2075 1691 ejus
2104 1629 2205 1675 albo
2235 1630 2303 1675 vi-

241 1715 319 1750 tro
343 1703 401 1750 ali
431 1718 506 1749 ua.

374 1720 450 1846 E‘}
487 1788 559 1831 De
568 1781 728 1843 sudore
745 1779 1124 1844 phosphorascente
1148 1783 1195 1828 in
1223 1781 1321 1828 Αὲῗ.
1348 1785 1463 1828 Nat.
1494 1783 1594 1827 Cur.
1633 1777 1723 1827 Vol.
1751 1776 1810 1822 V.
1840 1774 1921 1836 obſs
1947 1787 2025 1834 94.

379 1867 576 1927 Giufippe
603 1868 795 1911 Antonio
822 1865 982 1910 BADIA
1021 1866 1163 1924 istoria
1193 1881 1300 1909 rara
1343 1862 1390 1908 di
1425 1879 1482 1907 un
1507 1860 1670 1923 sangue
1697 1870 1853 1906 cavato
1891 1858 1956 1905 col
1977 1856 2088 1916 fiero
2121 1874 2222 1905 nero
2250 1857 2307 1904 ed

245 1930 478 1992 esperienze
493 1930 626 1992 sopra
658 1930 698 1974 lo
713 1925 831 1989 stiffi)
865 1928 1021 1973 Parma
1046 1939 1178 1984 1722.
1206 1929 1450 1974 MAZUCH.

387 2009 484 2058 Chr.
511 2012 723 2058 VoLTER
765 2027 845 2056 neu
887 2008 1084 2068 er'o'ffnete
1122 2005 1522 2065 Hehammenschule
1568 2005 1782 2067 Stutgard
1819 2015 1954 2064 1722.
1990 2000 2069 2057 8.*
2137 2004 2305 2052 Obiter

244 2086 389 2136 partes
415 2075 631 2135 genitales
659 2072 881 2120 describit.
950 2073 1106 2119 Naevis
1129 2071 1274 2119 fidum
1298 2071 1495 2118 adhibet.

374 2160 489 2204 Sam.
517 2157 743 2203 DWIGTH
776 2154 828 2200 de
854 2158 1084 2201 vomitione
1111 2152 1207 2210 &a
1250 2153 1398 2200 Lond.
1426 2164 1561 2211 1722.
1589 2158 1632 2205 8.

224 2256 237 2268 ··
379 2242 474 2285 Der
509 2234 650 2284 rechte
688 2235 905 2283 Gebrauch
932 2235 1009 2282 der
1037 2235 1249 2294 Affetffien,
1283 2235 1444 2281 darinn
1470 2232 1562 2280 ihre
1582 2237 1768 2285 Natur,
1803 2229 2141 2293 Eigenfihafi‘en,
2172 2235 2308 2278 Wiir-

246 2301 410 2364 knngen
437 2300 528 2347 und
555 2297 773 2348 Gebrauch
796 2299 1026 2360 vorgestellt
1048 2299 1216 2345 werden
1251 2299 1524 2358 Witteberg
1554 2308 1690 2354 1722.
1719 2303 1760 2350 8.

370 2385 572 2444 Eugenius
594 2382 955 2428 PfflLALrTnEs
985 2377 1137 2439 history
1170 2379 1223 2440 of
1236 2380 1335 2441 long
1356 2380 1492 2425 livers
1524 2378 1722 2424 London
1744 2389 1878 2435 1722.
1912 2384 1955 2432 8.
1992 2378 2110 2424 Osa.

825 2506 871 2563 §.
904 2509 948 2555 D
964 2508 1002 2554 C
1019 2509 1057 2555 C
1071 2509 1166 2555 CX
1181 2509 1219 2555 C
1232 2510 1253 2556 I
1266 2509 1302 2556 I.
1397 2507 1734 2571 Disputationes.

380 2635 602 2700 Chrilioph.
626 2635 789 2684 Daniel
811 2636 1026 2682 MELZER
1062 2635 1114 2680 de
1138 2634 1261 2682 modo
1276 2634 1523 2694 secretionis
1552 2633 1776 2682 humorum
1816 2636 2023 2697 Regiom.
2054 2644 2186 2693 1722.
2219 2630 2304 2691 4*

248 2786 279 2832 B
318 2785 349 2830 B
373 2722 530 2780 Efdras
552 2715 741 2766 Henrich
768 2719 983 2763 EDZARD
1013 2716 1064 2762 de
1086 2721 1273 2777 corporis
1293 2715 1468 2763 immani
1482 2717 1770 2778 palingenefia
1802 2718 2085 2779 &Witteberg
2109 2725 2302 2774 17224.

285 2820 296 2831 .
356 2798 518 2832 OEHM.
1130 2814 1159 2835 u„

375 2865 453 2925 EJ.
491 2869 559 2910 De
586 2877 715 2925 cygno
740 2873 837 2908 ante
861 2870 1040 2907 mortem
1068 2876 1154 2906 non
1183 2872 1358 2907 canente
1391 2861 1597 2908 Witteb.
1627 2873 1764 2919 1722.
1792 2873 1837 2921 4.

384 2948 481 2993 Car.
507 2944 753 2995 ferdinand
775 2945 969 2994 MAYER
1001 2940 1054 2991 de
1068 2940 1147 3005 fiti
1179 2942 1422 3006 Argentor.
1449 2953 1590 3004 1722.
1615 2939 1697 3003 42¹}

2067 3022 2309 3084 Poly-carpi·
