2531 3394
291 122 382 174 336
672 117 804 165 LIB.
851 118 945 164 IX.
1035 110 1451 163 ANATOMES
1505 109 1946 162 PERFECTIO.

1581 210 1607 227 Χ

415 247 490 308 Ε].
525 243 830 309 Phitossphical
847 246 1134 306 observatiam
1159 260 1213 291 on
1234 240 1304 290 the
1328 242 1510 306 analogy
1544 241 1727 289 between
1762 240 1832 289 the
1848 248 2138 307 propagatim
2171 244 2227 306 of
2245 248 2343 294 ani-

287 310 396 358 mals
408 310 501 359 and
518 309 615 358 that
638 311 934 374 osvegetables
967 308 1163 356 London
1189 319 1323 366 1752.
1350 305 1426 362 8.*
1493 307 1667 368 Belgice
1685 305 1856 371 derover
1871 307 2057 371 eenkonst
2081 310 2266 371 tusschen
2291 309 2345 356 de

289 376 552 438 veerteeling
574 375 650 423 der
676 376 821 422 dieren
844 391 894 420 en
909 370 1115 434 gewaffien
1145 373 1288 432 Haag.
1309 382 1445 429 1753.
1485 377 1526 424 8.
1595 370 1855 429 Opiniones
1881 370 2122 420 hominum
2159 375 2213 420 de
2246 375 2344 421 ani-

290 440 478 487 malium
502 441 790 499 generatione
815 434 1028 483 recenset.
1097 433 1287 489 Refutat
1314 435 1587 481 vermiculos
1621 432 1855 480 seminales
1875 469 1886 486 ‚
1938 437 1980 481 δι
2003 437 2246 487 BUFFONH
2276 439 2345 486 vi.

289 520 361 551 res
385 504 685 550 adtrahentes.
754 502 809 547 ln
841 512 981 547 matre
1008 498 1160 547 {emen
1186 497 1387 545 residere.
1457 502 1627 546 Auram
1663 496 1922 543 seminalem
1966 515 2053 545 ova
2083 499 2343 548 fecundare.

287 569 361 614 De
383 567 661 615 animalculis
689 563 1033 626 microscopicis.
1103 564 1216 610 Non
1234 563 1420 608 interire
1441 562 1491 608 in
1515 565 1660 609 calore
1690 577 1818 621 aquae
1849 560 2048 609 fervidae.
2119 565 2345 612 Secunda-

290 633 358 678 ria
399 633 599 692 germina
632 629 682 674 in
713 630 892 689 polypis
921 628 1233 675 evolutionem
1270 626 1529 687 praestolari.
1600 626 1906 673 Secretionem
1941 624 2040 673 fieri
2067 627 2345 676 adtractione

289 694 525 742 succorum
552 694 864 751 analogorum.
931 694 1104 739 Dentes
1130 693 1171 738 &
1198 707 1370 737 cornua
1395 690 1588 750 gaudere
1616 690 1897 751 germinibus
1924 688 2214 739 secundariis>
2239 694 2344 739 illos

292 761 425 806 etiam
452 757 625 808 terni83
671 756 729 803 fic
752 757 801 803 in
829 756 954 803 chela
984 755 1146 803 cancri.
1216 755 1440 814 Polypum
1463 751 1641 800 differre
1665 770 1688 799 a
1711 751 1868 806 salice,
1905 754 2028 813 quod
2056 770 2159 801 cum
2183 757 2345 816 quavis

289 820 549 869 secundaria
578 818 914 880 organisatione
940 823 1098 867 vivum
1125 835 1203 866 ens
1232 818 1532 878 conjunctum
1559 816 1622 864 fit.
1693 817 1880 864 Vulnus
1917 819 2103 864 liberare
2133 836 2342 880 germen,

290 885 413 945 quod
445 887 577 931 etiam
610 883 774 944 absque
799 886 988 931 vulnere
1018 882 1061 929 se
1086 881 1331 929 evolvisset.
1403 882 1624 928 Mollibus
1650 883 1691 928 &
1714 882 1871 927 multis
1901 883 2111 941 periculis
2132 884 2346 931 obnoxiis

288 948 556 995 animalibus
591 946 870 1009 potissimum
899 965 948 994 ea
976 947 1172 994 secunda
1208 947 1411 1008 germina
1448 945 1552 992 data
1582 944 1678 993 effe.
1762 946 1938 992 Anima:
1965 946 2268 995 immortalem
2303 950 2346 995 8c

287 1013 627 1061 immaterialem
657 1024 868 1059 naturam
891 1010 1108 1059 defendit.

325 1158 334 1168 ·
416 1095 472 1142 In
500 1092 610 1142 Phil.
646 1093 799 1154 Tranfi
834 1111 881 1142 n.
912 1101 1023 1154 469.
1060 1093 1153 1155 agit
1181 1093 1236 1139 de
1259 1089 1434 1146 Phoca‚
1488 1092 1585 1153 ejus
1623 1091 1826 1154 partibus
1860 1092 2085 1146 externis,
2126 1095 2167 1140 &
2196 1093 2346 1141 bicor-

283 1174 339 1206 m
361 1170 508 1206 utero.

417 1241 473 1287 In
493 1257 539 1287 n.
554 1252 663 1300 470.
701 1240 756 1287 de
780 1240 1083 1293 rhinocerote,
1112 1255 1215 1286 cum
1242 1237 1442 1298 pulchris
1465 1239 1690 1285 iconibus.
1742 1238 1874 1285 Penis
1899 1236 2152 1285 bifurcatus
2181 1229 2347 1287 retror-

283 1303 384 1351 sum
411 1321 539 1358 euns,
565 1322 620 1351 ex
643 1305 808 1367 vagina
832 1307 1024 1366 quadam
1048 1319 1304 1364 erumpens.
1372 1303 1604 1351 Proboscis
1620 1302 1781 1364 exigua
1799 1300 1875 1348 sed
1901 1303 2042 1350 utilis.
2110 1303 2241 1350 Plicae
2268 1320 2347 1365 op-

286 1381 498 1430 portunae
527 1382 658 1416 cutis.

408 1452 471 1499 N.
493 1458 602 1510 483.
641 1453 817 1514 puella,
850 1468 950 1513 quae
978 1450 1183 1498 distinete
1205 1450 1427 1510 loquitur,
1454 1465 1642 1510 corpore
1668 1449 1837 1510 linguae
1862 1446 2031 1495 amiffo.

418 1535 473 1582 In
514 1551 561 1581 n.
583 1543 692 1593 485.
735 1534 788 1581 de
826 1534 1027 1594 da&y10‚
1074 1547 1208 1592 quem
1238 1544 1391 1579 tamen
1428 1547 1525 1578 non
1564 1547 1645 1591 pro
1675 1529 1869 1592 pholade
1894 1530 2059 1585 habet,
2098 1533 2141 1579 ἀ
2167 1534 2343 1580 mavult

285 1598 489 1647 channam
525 1616 713 1654 vocare,
761 1614 866 1646 cum
906 1599 1019 1646 duas
1047 1613 1130 1643 nec
1149 1597 1300 1657 plures
1326 1595 1456 1644 testas
1483 1594 1663 1642 habeat.
1742 1597 1799 1643 In
1829 1595 1936 1643 saxo
1971 1595 2085 1643 duro
2111 1599 2347 1644 cuniculos

284 1662 367 1712 fibi
401 1660 575 1712 effodit.

409 1747 470 1793 N.
490 1751 596 1803 489.
635 1744 688 1791 de
710 1743 893 1792 fetubus
914 1742 1128 1790 humanis
1159 1740 1215 1789 ad
1238 1745 1421 1804 pectora
1450 1743 1674 1790 connatis.
1744 1743 1895 1790 Aortae
1917 1758 1996 1803 per
2015 1742 2217 1792 canalem
2238 1758 2346 1791 con-

284 1809 477 1870 juntstae,
507 1808 721 1856 intestina
748 1808 1041 1855 confluentia.

415 1892 471 1938 In
497 1892 585 1941 Vol.
609 1891 802 1938 XLVII.
836 1890 890 1937 de
914 1888 1166 1938 Phocarum
1197 1886 1320 1936 claffe
1350 1889 1470 1950 agit,
1510 1890 1552 1937 &
1579 1889 1729 1950 aliqua
1757 1887 1811 1935 de
1835 1888 2060 1938 intestinis
2077 1888 2206 1938 valde
2229 1887 2347 1937 fimi-

286 1954 456 2002 laribus
487 1955 642 2017 phocae
663 1955 863 2016 vulgaris
892 1953 1043 2001 habet.

415 2038 549 2085 IDEM
576 2049 736 2084 contra
760 2053 928 2084 novam
951 2037 1320 2084 PEYSSONELLn
1348 2033 1651 2096 hypothefin,
1689 2035 1869 2082 corallia
1895 2034 2007 2082 strui
2031 2051 2056 2081 a
2083 2036 2278 2096 polypis.

417 2118 587 2166 Firmas
614 2120 871 2179 particulas,
894 2119 944 2165 in
979 2119 1149 2165 areolas
1173 2118 1281 2164 retis
1304 2118 1638 2164 membranacei
1658 2116 1894 2177 depositas,
1924 2115 2067 2164 facere
2093 2116 2223 2165 testas
2241 2115 2348 2164 asta-

287 2197 475 2236 corum,
512 2199 611 2243 quae
638 2182 688 2229 in
714 2194 840 2230 aceto
859 2181 1152 2229 mollescant:
1188 2180 1277 2228 hoc
1299 2193 1403 2228 ante
1434 2182 1850 2229 HERISSANTJUM.

414 2264 486 2310 De
516 2261 696 2311 feminis
726 2280 888 2326 magna
915 2263 1136 2311 clitoride.
1206 2264 1384 2311 Omnes
1412 2261 1532 2310 fetus
1557 2262 1804 2310 femininos
1832 2280 1885 2310 eo
1914 2263 2154 2325 pertinere.

419 2347 478 2392 T.
499 2345 671 2392 XLIX.
707 2345 803 2392 Ρ.Ῑ.
836 2346 888 2392 de
914 2363 1031 2400 ovo,
1073 2346 1146 2392 cui
1172 2361 1317 2391 cornu
1343 2361 1399 2391 ex
1430 2346 1567 2391 latere
1597 2357 1779 2392 enatum
1810 2344 1887 2391 est.

417 2427 474 2473 111
497 2424 607 2473 Phil.
645 2427 796 2487 Trans?
824 2428 912 2476 Vol.
934 2428 1030 2474 LV.
1067 2425 1312 2488 Aethiopes
1341 2425 1472 2473 albos
1496 2425 1630 2480 vidit,
1668 2443 1723 2473 ex
1749 2427 1891 2488 nigris
1911 2438 2044 2474 natos
2069 2426 2347 2488 parentibus.

416 2510 471 2556 In
499 2509 587 2559 Vol.
617 2508 736 2555 LVI.
775 2508 829 2554 de
855 2508 1125 2555 animalibus
1145 2507 1404 2569 amphibiis.
1471 2508 1506 2555 F
1509 2525 1694 2555 oramen
1718 2509 1846 2556 ovale
1873 2521 2081 2569 apertum
2103 2503 2280 2555 habere.

416 2592 554 2640 IDEM
581 2589 635 2636 de
663 2587 814 2649 aspera
846 2590 1008 2636 arteria
1037 2591 1369 2637 nonnullarum
1389 2591 1544 2637 avium
1568 2590 1811 2638 incurvata
1831 2592 1873 2639 &
1897 2590 2075 2644 reflexa,
2105 2592 2148 2637 &
2174 2588 2227 2635 de
2246 2590 2347 2650 pul-

289 2671 427 2703 mone
452 2668 586 2716 atque
610 2651 761 2714 aspera
786 2653 1022 2700 testudinis
1046 2655 1220 2700 arteria.
2272 2659 2276 2661 “

893 2766 937 2825 §-
972 2768 1212 2816 MXXV.
1312 2772 1526 2817 Antonius
1555 2771 1736 2824 PET1T,

422 2867 649 2922 Clinicus,
684 2866 966 2914 anatomicus
993 2866 1034 2912 Sc
1061 2864 1302 2917 obstetrix,
1335 2866 1406 2912 vir
1433 2867 1653 2927 egregius.

420 2947 481 2997 In
501 2951 611 3010 Hist.
637 2948 688 2998 de
709 2947 882 3000 I'Acad.
914 2947 986 2999 des
1008 2950 1072 2997 Sc.
1104 2958 1241 3008 1741.
1288 2946 1342 2996 de
1374 2945 1611 2998 submersis
1645 2947 1949 3011 experimenta
1984 2945 2104 2998 fecit.
2168 2947 2257 2997 Ins
2275 2951 2346 3061 ἃᾶ

2245 3029 2304 3075 ΡΘ
