2531 3394
311 147 398 198 ωε
538 200 579 216 ἣ,
677 114 683 115 ’
743 143 877 189 Lm.
920 145 1070 190 Vm.
1138 134 1508 185 ANATOME
1558 125 1926 221 DocTiOR.

389 249 400 256 ι
433 269 493 315 Et
516 268 638 335 canis
658 269 877 330 loquens,
913 268 1034 315 idem
1061 277 1114 312 ut
1135 276 1248 327 puto
1265 298 1279 319 ,
1317 279 1422 312 cum
1444 264 1810 312 LEIBNJZIANO.
1866 285 1869 289 ¹

436 349 673 412 Pygmaeus
706 351 817 413 pede
843 367 941 400 non
971 349 1118 396 altior.

434 431 558 478 Anas
592 434 744 493 tripes.

431 516 504 560 M.
534 517 670 568 Junio
699 524 854 574 partus
880 529 905 558 a
934 523 1081 558 morte
1109 510 1265 557 matris
1290 509 1453 558 editus.

435 598 504 640 M.
540 595 703 642 Oft‘obr.
735 595 1052 653 experimentis
1078 593 1276 639 evictum
1309 590 1399 645 est,
1439 608 1613 640 vermes
1637 592 1873 654 equidem,
1922 608 2020 639 non
2049 604 2197 641 autem
2226 595 2354 643 bom-

280 658 455 719 byces,
483 674 540 704 ex
563 656 844 719 putrescente
869 672 999 702 carne
1026 655 1162 702 nasci.
1708 686 1714 691 ,

433 738 590 787 Infans
613 737 829 799 ierpentis
852 735 999 797 figura
1023 739 1072 783 in
1093 737 1212 783 collo
1239 747 1438 784 notatus.
1489 726 1492 728 ,

431 827 501 871 M.
526 819 769 868 Novembri
794 819 974 878 vagitus
997 818 1164 866 uterini
1193 819 1466 879 exemplum.

432 904 568 951 Fetus
597 897 820 948 difformis
852 902 893 947 8<
918 905 987 948 M.
1016 898 1245 947 Decembri
1269 897 1388 946 fetus
1406 900 1700 961 bicorporeus
1726 901 1868 962 capite
1892 900 2047 948 unica

427 983 619 1031 Tabulae
645 983 914 1029 emortuales
936 982 1097 1036 variae,
1143 998 1245 1042 quae
1274 980 1331 1028 ad
1365 979 1506 1029 finem
1534 980 1698 1044 finguli
1726 983 1837 1029 anni
1868 993 2167 1042 repetuntur,
2216 1000 2359 1045 quare

300 1064 372 1096 eas
402 1064 540 1109 porro
562 1063 659 1093 non
680 1044 959 1093 recensuero.

428 1130 485 1176 In
518 1126 756 1175 Borufficis
789 1127 1045 1176 ditionibus
1076 1127 1200 1175 intra
1232 1138 1431 1189 quatuor
1463 1143 1608 1175 annos
1644 1127 1764 1175 inter
1801 1139 1937 1175 natos
1961 1133 2059 1185 306
2062 1134 2171 1176 006·
2206 1141 2356 1178 cente-

296 1193 438 1242 nariis
465 1194 657 1255 majores
685 1203 758 1251 32.

1077 1260 1114 1310 §.
1149 1256 1194 1302 D
1207 1255 1244 1302 C
1260 1254 1298 1301 C
1314 1254 1401 1303 CL
1415 1256 1452 1302 Χ
1475 1256 1568 1303 IV.

825 1352 1063 1402 Guilielmus
1100 1351 1386 1407 MAUQUEST
1421 1351 1474 1399 de
1508 1353 1552 1398 [ιι
1587 1353 1814 1406 ΜΟΤΗΕ,

428 1451 681 1513 Chirurgus
697 1487 711 1505 ,
746 1451 826 1512 qui
851 1449 942 1503 fere
967 1450 1017 1495 in
1041 1450 1208 1510 oppido
1235 1450 1444 1511 Valogne
1468 1449 1765 1496 Normandiae
1784 1450 1930 1503 vixit,
1966 1464 2063 1494 non
2081 1449 2264 1508 quidem
2283 1454 2352 1498 in-

302 1515 448 1571 cisor,
483 1516 627 1564 sedin
656 1517 786 1576 praxi
808 1513 1060 1574 chirurgica
1088 1517 1130 1561 ἃ
1155 1513 1412 1560 obstetricia
1438 1515 1736 1568 exercitatus,
1764 1515 1834 1561 vir
1858 1515 1971 1561 boni
1998 1513 2173 1574 ingenii
2206 1518 2248 1562 &
2280 1517 2352 1577 ju,-

296 1581 427 1635 dicii,
466 1583 651 1641 verique
677 1595 847 1626 amans.

425 1663 628 1710 Primum
661 1660 802 1707 edidit
828 1658 1098 1722 dg'ffivrtation
1119 1661 1202 1721 sur
1239 1661 1282 1707 la
1315 1664 1566 1722 generation
1590 1657 1648 1715 ἓξ
1661 1658 1742 1718 fiir
1776 1659 1821 1706 la
1841 1658 2153 1721 superfi’tation
2189 1659 2248 1716 &5³
2277 1678 2345 1707 re-

289 1727 417 1792 pense
447 1743 504 1773 au
528 1724 779 1772 l’indecence
808 1742 897 1770 aux
933 1722 1111 1771 hommes
1144 1722 1418 1772 d’accoucher
1455 1722 1526 1769 des
1546 1723 1725 1784 femmes
1765 1724 1886 1770 Paris
1916 1731 2049 1782 1718.
2083 1725 2159 1778 8.*
2213 1726 2351 1771 Con-

293 1806 363 1839 tra
401 1807 487 1837 ova
520 1789 720 1836 humana
751 1786 907 1835 scribit
931 1805 1010 1848 pro
1033 1787 1256 1834 seminum
1283 1786 1490 1840 miscela,
1531 1803 1632 1847 quae
1662 1785 1835 1846 spiffata
1871 1787 1925 1832 ad
1955 1790 2071 1833 uteri
2110 1789 2348 1834 cavitatem

292 1853 563 1914 figurentur.
655 1853 815 1900 Utitur
850 1853 1061 1898 tubarum
1108 1852 1337 1913 angustia,
1386 1867 1607 1904 numero,
1653 1851 1775 1897 unde
1815 1851 1993 1911 gemelli
2021 1851 2238 1898 deberent
2266 1850 2348 1897 effe

292 1919 513 1979 perpetui,
544 1930 719 1963 remoto
744 1917 799 1962 ab
817 1917 983 1961 ovariis
1010 1914 1112 1969 situ,
1146 1917 1334 1976 aliisque
1353 1917 1642 1976 argumentis.
1713 1915 1847 1962 Fetus
1869 1931 1966 1960 non
1991 1931 2121 1974 aeque
2145 1927 2347 1962 maturos

297 1981 522 2034 admittit,
567 1978 963 2041 superfetationem
997 1980 1199 2026 minime.
1272 1980 1390 2025 Cum
1429 1980 1495 2025 M.
1525 1976 1687 2027 PUZOS
1712 1991 1954 2038 quaereret,
1990 1995 2068 2039 per
2099 1995 2208 2038 quas
2237 1979 2347 2024 adeo

292 2045 390 2092 vias
421 2043 571 2091 semen
604 2044 823 2090 muliebre
855 2042 1128 2097 advehatur,
1162 2045 1336 2090 canales
1374 2043 1438 2089 ait
1472 2043 1679 2089 nondum
1707 2041 1787 2089 effe
1819 2055 1970 2088 notos.
2051 2043 2348 2092 onmsmm

291 2107 571 2174 potissimum
595 2107 788 2161 resutat,
824 2108 929 2154 inde
949 2109 1302 2163 HECQUETUM.

418 2192 472 2238 In
498 2190 694 2251 Epistola
722 2190 777 2235 ad
805 2191 859 2235 D.
886 2191 1049 2236 Puzos
1077 2203 1255 2249 partum
1284 2189 1535 2235 ventralem
1570 2186 1806 2241 describit,
1841 2199 1973 2234 utero
1999 2186 2195 2246 integro.

421 2274 594 2332 EJUSD.
639 2276 789 2319 Traite'
821 2272 1001 2332 complet
1030 2269 1390 2318 d’accouchemem
1422 2270 1637 2322 naturels,
1684 2285 1767 2315 non
1791 2269 1986 2314 naturels
2008 2266 2068 2322 ἓξ
2092 2280 2236 2314 contre
2266 2285 2344 2313 na·-

291 2351 391 2386 ture
432 2336 555 2383 Paris
582 2346 713 2393 1721.
749 2334 829 2393 4*
880 2336 998 2381 Leid.
1035 2346 1168 2391 1729.
1203 2333 1283 2392 4*
1351 2334 1619 2380 Germanice
1663 2332 1832 2392 prodiit
1869 2332 2086 2391 Srasburg
2127 2343 2259 2389 1732.
2295 2343 2345 2390 4.

289 2402 479 2450 Nullam
514 2399 698 2460 quidem
728 2399 925 2457 partium
959 2399 1224 2458 genitalium
1258 2409 1501 2443 anatomen
1531 2396 1605 2442 hic
1631 2394 1774 2454 speres
1793 2429 1810 2448 ,.
1855 2412 2002 2455 neque
2036 2395 2242 2441 ordinem
2273 2397 2342 2444 ul÷

289 2468 402 2514 lum.
472 2462 557 2512 Sed
585 2463 779 2523 plurima
805 2462 935 2507 utilia
958 2478 1011 2507 ex
1041 2459 1386 2507 numerosorum
1423 2471 1635 2519 partuum
1662 2457 1992 2505 laboriosorum
2013 2457 2122 2504 serie
2143 2471 2344 2519 repetas,

291 2531 463 2576 multos
488 2526 606 2574 fetus
627 2526 762 2572 variae
799 2525 942 2570 aetatis
965 2525 1274 2577 immaturos,
1306 2542 1392 2570 ova
1424 2523 1648 2575 humana,
1685 2522 1909 2576 monstra,
1946 2521 2065 2568 fetus
2097 2520 2342 2582 encephalo

291 2593 544 2640 destitutos.
621 2589 786 2649 Capita
823 2588 957 2633 etiam
998 2590 1146 2647 aliqua
1181 2589 1356 2649 integra
1388 2586 1478 2633 huc
1514 2587 1781 2646 pertinent,
1821 2597 1875 2632 ut
1912 2587 1965 2632 de
2007 2586 2238 2632 sterilitate
2279 2582 2342 2630 fe-

290 2657 524 2703 cunditate
549 2689 561 2708 ,
606 2663 857 2712 conceptu,
906 2651 986 2696 ubi
1022 2651 1172 2697 denuo
1216 2665 1372 2698 contra
1403 2667 1489 2697 ova
1525 2649 1691 2696 scribit.
1779 2651 1918 2696 Porro
1952 2649 2006 2695 de
2044 2647 2338 2709 graviditate‚

291 2733 423 2779 partu
462 2722 503 2766 &
546 2716 631 2764 fitu
667 2715 825 2768 fetus,
867 2712 1156 2767 inversione,
1200 2715 1508 2767 membranis,
1555 2714 1719 2774 aquis,
1767 2715 1892 2760 laete.
1962 2713 2055 2758 Cur
2100 2727 2339 2772 nunquam

220 2825 227 2829 ,
289 2783 408 2830 vidit
448 2780 723 2842 hymenem?

419 2864 602 2910 Novam
628 2849 875 2909 editionem
902 2854 1040 2911 Paris,
1059 2863 1194 2918 1765.
1213 2865 1253 2912 8.
1274 2858 1415 2905 2.Vol
1435 2857 1465 2887 *
1499 2874 1552 2903 eo
1572 2857 1722 2903 minus
1747 2867 1928 2915 oportet
1945 2855 2186 2916 praeterire,
2212 2855 2343 2916 quod-

293 2943 317 2974 a
345 2925 573 2986 prioribus
604 2927 847 2985 plurimum
877 2919 1067 2969 differat.
1134 2924 1309 2969 Totum
1336 2937 1449 2981 opus
1476 2937 1647 2966 novum
1676 2920 1723 2965 in
1760 2920 1967 2965 ordinem
2002 2921 2237 2966 redactum
2276 2919 2337 2965 est

289 2988 536 3041 §eorundum
561 2987 639 3037 sua
660 2991 802 3053 capita
820 3022 832 3043 ,
867 2987 1061 3050 plurima
1087 2985 1240 3035 addita
1264 3002 1319 3034 ex
1353 2984 1680 3033 recentioribus
1711 2981 1978 3031 obstetriciae
2010 2985 2116 3030 artis
2145 2983 2339 3095 auditori-

2255 3062 2334 3100 us,
