2531 3394
425 41 456 59 ρ·
563 36 573 41 “
1683 45 1704 56 x

451 168 457 172 ἱ
531 117 569 168 ς.
605 124 693 170 911
727 135 789 146 -—-
821 124 929 170 913.
998 113 1042 175 J.
1085 111 1473 186 GEORGIUS
1517 113 1959 169 DUVERNOY.
2171 135 2260 191 ¹73

227 238 311 350 affe
341 240 390 286 in
419 237 534 349 {aicie
561 241 924 288 ventriculorum
949 239 1172 288 interiori.
1238 236 1463 298 Injestum
1493 240 1717 300 liquorem
1737 245 1986 294 coloratum
2015 263 2112 296 non
2135 249 2266 299 exsu-

258 318 402 351 arem
428 316 446 350 1
500 321 676 351 cavum.

353 384 422 432 Ib.
461 385 587 445 penis
609 383 888 446 elephantini
902 394 1109 430 anatome
1133 383 1175 428 &
1192 378 1425 441 splendida
1447 380 1618 443 figura:
1654 383 1798 431 Venae
1819 387 2009 435 interna:
2024 392 2077 436 ad
2091 395 2260 443 cribro..

223 463 326 494 rum
356 450 541 495 modum
565 447 824 510 perforatae÷
861 449 1022 493 erectio
1046 461 1142 492 non
1168 443 1408 499 musculis,
1444 443 1519 492 sed
1543 448 1673 495 venis
1697 449 1896 504 tributa,
1933 469 2033 511 quae
2062 472 2138 514 per
2159 455 2260 506 caii-

225 513 360 558 cellos
385 529 574 559 nerveos
601 510 850 559 transeunt.
892 548 941 571 „a
1118 525 1129 529 ·

346 594 400 640 In
425 595 558 640 Torn.
580 594 660 640 III.
685 592 800 638 duos
818 601 973 650 partus
995 587 1272 637 monstrosos
1295 603 1498 638 accurate
1522 589 1775 653 descripsit,
1810 594 2126 655 bicorporeum
2160 603 2265 648 alte..

222 673 323 703 rum
351 658 493 717 capite
515 658 677 708 unico,
710 656 900 700 alterum
929 669 1116 714 corpore
1140 655 1279 700 unico
1297 655 1546 715 bicipitem.

347 738 403 784 'ln
438 739 569 784 Tom.
587 735 668 782 IV.
698 750 736 781 a.
764 744 900 792 1729.
927 735 1021 795 agit
1046 734 1100 780 de
1122 732 1338 788 finuIms,
1371 751 1534 796 nempe
1560 737 1827 785 ventriculis
1845 773 1858 793 ‚
1893 740 2061 787 cerebri
2091 744 2133 789 gt
2154 743 2262 804 pede

223 798 512 862 hippocampi
535 798 716 860 spirali,
756 815 901 845 cornu
922 799 1165 844 ventriculi
1186 798 1422 858 posteriori
1449 801 1490 846 δε
1514 799 1746 861 superiori.

339 881 502 943 ⁴Venas
522 880 685 927 'breves
707 892 859 927 tamen
881 876 1125 938 perforatas
1150 877 1246 926 effe.
1316 881 1430 928 Lien
1448 880 1687 928 cellulosus
1706 916 1718 935 ‚
1757 892 1814 928 ne
1833 883 1881 928 in
1902 884 2138 945 elephanto
2168 889 2268 948 qui.

222 942 324 992 deni
359 942 667 1004 glandulosus.
759 944 872 1004 Ejus
902 943 1072 989 molem
1102 944 1288 992 alternis
1320 944 1499 993 vicibus
1527 947 1684 1006 augeri
1718 947 1759 992 &
1793 945 2046 1003 subsidere,
2092 949 2209 998 forte
2238 967 2265 998 a

220 1009 464 1054 ventriculi
491 1005 650 1068 preffu.

177 1130 190 1132 ,
347 1089 418 1134 De
442 1089 696 1134 ventriculo
727 1089 769 1134 ὃς
793 1087 1032 1134 intestinis.
1100 1078 1262 1135 In'illo
1292 1089 1582 1137 reticulatum
1617 1106 1731 1152 opus
1756 1091 2127 1153 quadrangulare.
2195 1097 2265 1144 De

216 1152 413 1199 valvulis
439 1152 775 1205 intestinorum,
803 1169 829 1197 a
851 1150 1012 1198 villosa
1040 1153 1195 1199 tunica
1218 1151 1362 1199 factis.
2222 1158 2227 1161 ’

343 1234 397 1280 In
420 1234 568 1279 Tomo
590 1233 650 1280 V.
682 1250 719 1279 a.
743 1244 878 1290 1729.
915 1232 969 1278 de
1004 1233 1231 1293 glandulis
1264 1234 1521 1288 renalium,
1569 1223 1723 1283 earum
1751 1234 1917 1293 succo3
1971 1238 2052 1286 effe
2083 1239 2265 1290 diverti-

215 1298 316 1346 cula
337 1295 570 1357 sanguinis
591 1299 641 1343 in
662 1294 759 1343 fetu
775 1331 787 1350 ‚
824 1313 882 1342 ne
910 1297 1045 1342 nimis
1076 1297 1277 1344 ubertim
1300 1314 1430 1344 renes
1456 1298 1600 1345 adeat.

340 1380 411 1425 De
435 1385 533 1424 ae're
561 1376 642 1424 sub
668 1379 836 1427 extima
858 1379 899 1425 ὃς
929 1376 1010 1425 sub
1037 1379 1201 1426 intima
1224 1379 1848 1430 tunicaintestinoru‘m'viso.
1918 1385 2140 1434 Anatome
2167 1404 2266 1436 mu·

214 1444 275 1490 ris
299 1442 496 1490 volantis
519 1440 704 1488 Rustici.
822 1436 831 1446 “

340 1525 397 1571 In
423 1522 574 1571 Tomo
601 1524 683 1571 VI.
712 1524 765 1571 de
790 1541 931 1585 puero
953 1525 1164 1573 mutilato
1193 1524 1420 1575 brachiis,
1460 1542 1710 1587 eorumque
1741 1540 1942 1583 accurata
1973 1543 2197 1581 anatome.

338 1606 410 1652 De
438 1603 556 1651 dorsi
581 1602 709 1666 'spina
736 1606 790 1652 ab
812 1617 935 1653 aorta
959 1603 1222 1655 deformata.

337 1687 394 1735 In
420 1688 570 1733 Tomo
592 1687 696 1732 VII.
735 1687 816 1747 qui
837 1686 1081 1748 respondet
1108 1691 1239 1736 annis
1270 1702 1404 1749 1734.
1436 1702 1570 1749 1735.
1601 1690 1654 1737 de
1677 1689 1864 1752 thymo,
1912 1696 2042 1746 cuius
2081 1713 2262 1745 caveam

213 1750 428 1798 admittit.
516 1752 587 1796 De
621 1750 866 1810 adpendice
893 1769 995 1798 vere
1025 1769 1133 1798 cava
1167 1768 1222 1799 ex
1256 1756 1470 1815 glandula
1504 1754 1768 1814 thyreoidea
1797 1748 2108 1807 adscendente.
2142 1784 2144 1786 v
2191 1764 2262 1808 De

210 1814 378 1862 fabrica
406 1814 664 1867 ventriculi,
697 1815 884 1874 ejusque
911 1815 1130 1862 cellulosis
1161 1819 1263 1864 telis
1288 1820 1328 1864 ἑὲ
1352 1817 1530 1869 retibus
1562 1817 1812 1866 vasculofi3.
1883 1823 1955 1868 De
1979 1825 2150 1882 petiolo
2172 1826 2263 1886 epi-⁴

209 1878 413 1940 glottidis
443 1878 631 1938 ejusque
661 1876 794 1924 sulcis
817 1881 858 1924 Sc
886 1880 1145 1940 glandulis:
1181 1881 1235 1926 de
1261 1882 1434 1928 cellulis
1457 1882 1679 1942 majorum
1702 1886 2021 1946 cartilaginum
2047 1889 2264 1949 laryngis.

339 1960 395 2006 In
424 1960 576 2005 Tomo
602 1959 732 2004 XIII.
779 1959 951 2005 Iterum
977 1960 1031 2005 de
1057 1961 1241 2008 renibus
1267 1960 1622 2009 succenturiatis.
1690 1964 1884 2012 Vascula
1911 1984 1965 2013 ex
1985 1967 2166 2028 adiposa
2190 1981 2282 2016 tu·-¹

208 2027 310 2071 nica
340 2021 528 2083 pulchro
554 2022 711 2068 ordine
730 2023 777 2068 in
803 2039 878 2068 eos
902 2021 1156 2071 subeuntia.
1223 2025 1366 2072 Venae
1386 2027 1435 2072 in
1452 2042 1609 2072 eorum
1634 2040 1766 2075 cavea
1781 2030 1987 2090 undique
2011 2030 2260 2091 perforatae.

209 2089 425 2134 Canalem
464 2087 514 2132 in
556 2101 692 2132 cavea
731 2097 863 2145 putat
895 2084 938 2131 se
974 2086 1200 2135 detexiffe.
1286 2090 1356 2135 De
1393 2089 1647 2137 minoribus
1691 2093 1875 2140 renibus
1914 2093 2260 2143 succenturiatis

211 2154 409 2210 (nempe
428 2150 623 2211 *gangliis
651 2149 849 2195 nervofis
876 2150 991 2196 circa
1018 2167 1114 2196 eam
1143 2149 1292 2197 sedem
1321 2150 1650 2212 frequentibus.
1763 2157 1768 2160 '

338 2232 472 2278 Tom.
495 2230 626 2277 XIV.
661 2229 714 2275 de
743 2230 936 2276 erinacei
961 2242 1199 2285 anatome,
1234 2234 1276 2278 ἃ
1301 2231 1580 2293 potiffimum
1616 2235 1669 2283 de
1704 2236 1910 2287 vesiculis
1943 2256 2256 2289 mammarum.

333 2311 396 2358 Et
422 2310 572 2359 denuo
598 2310 653 2358 de
676 2312 812 2359 novis
834 2312 1020 2362 renibus
1052 2311 1413 2362 succenturiatis.

759 2442 804 2501 §.
837 2446 880 2491 D
894 2445 931 2492 C
945 2446 981 2492 C
993 2446 1031 2492 C
1043 2446 1081 2493 C
1092 2446 1252 2494 XIII.
1351 2448 1685 2511 Disputationes.

338 2556 649 2604 ALEXANDRI
677 2553 972 2601 CAMERARH
990 2588 1002 2608 ‚
1038 2555 1265 2604 RUDoLFI
1293 2558 1474 2618 JACOBI
1495 2557 1557 2609 fil.
1593 2559 1645 2606 de
1666 2560 1845 2619 efficacia
1879 2566 2013 2610 animi
2029 2560 2251 2623 pathema-
2307 2596 2309 2599 -

204 2630 296 2667 cum
325 2623 370 2665 in
403 2622 566 2679 negotio
592 2616 798 2675 sanitatis
829 2617 888 2673 &²
912 2618 1157 2666 morborum
1188 2621 1232 2666 Τ
1236 2622 1393 2682 ubing.
1414 2634 1547 2681 1725.
1574 2636 1621 2682 4.

333 2700 408 2761 EJ.
437 2697 646 2746 ‘Sorbendi
666 2698 807 2751 αὲἳιις,
843 2698 1018 2752 modus,
1054 2699 1232 2761 ususque
1252 2704 1475 2765 multiplex
1510 2704 1570 2750 ib.
1599 2712 1733 2763 1736.
1758 2704 1844 2764 4*

330 2781 388 2828 In
410 2779 514 2843 Eph.
534 2784 647 2827 Nat.
681 2783 780 2826 Cur.
806 2780 894 2828 Vol.
918 2781 1000 2827 III.
1037 2780 1123 2840 obsi
1147 2795 1250 2838 119.
1293 2784 1527 2845 Oedipum
1554 2784 1777 2833 describit.

329 2868 376 2918 J.
401 2865 573 2922 Georgii
598 2861 808 2907 GMELxN
829 2894 842 2914 ,
879 2861 1065 2909 celebris
1088 2863 1318 2918 botanici,
1355 2866 1461 2912 olim
1491 2868 1622 2913 amici
1651 2867 1813 2919 nostri,
1860 2867 1913 2912 de
1941 2868 2101 2917 afflone
2125 2871 2250 2931 glan-

204 2924 410 2976 dula-rum
436 2925 803 2988 mefintericarum
826 2926 1082 2976 retardante
1112 2928 1314 2989 Tubing.
1333 2941 1468 2990 1725.
1487 2928 1570 2989 4.*‚
1601 2928 1782 2990 praeside
1806 2931 1848 2993 J.
1865 2931 1924 2980 G.
1944 2934 2248 2982 DUVERNOY.

1276 3009 1379 3065 Y3
2193 3013 2247 3059 ln
2314 3024 2318 3032 ’
