2531 3394
392 61 902 156 ‘'§.1267-1259.
972 94 1526 145 MACKITTRICK.
1596 65 2023 151 FALcoNER.
2170 102 2274 161 695⁹

1792 196 1805 213 N

212 226 522 276 Excretiones.
591 225 766 272 Animae
800 223 932 285 gesta.
1003 221 1191 277 Sensus,
1239 235 1406 270 motus.
1477 223 1613 270 Calor
1646 236 1797 273 tamen
1830 228 2107 288 potiffimum
2136 247 2160 277 a
2191 228 2268 277 fri.

215 295 363 338 &tione
394 290 469 336 est.
539 291 723 336 Motum
767 286 999 350 sanguinis
1029 286 1294 334 intestinum
1325 289 1482 356 auctor
1515 299 1664 334 tamen
1707 291 1926 346 admittit,
1970 306 2067 340 tum
2096 294 2270 340 deriva-

212 355 387 402 tionem
413 355 454 401 &
494 351 823 406 revulsionem,
873 354 914 398 &
940 363 1092 398 tamen
1121 352 1171 396 in
1199 350 1507 410 experimenta
1534 349 1792 408 invehitur,
1830 373 1930 417 quie
1956 357 2006 403 in
2028 360 2145 405 vivis
2172 359 2269 406 ani-

214 419 406 465 malibus
439 417 695 477 capiuntur.

342 503 414 546 An
441 497 546 561 effizy
573 515 626 545 on
650 495 718 543 the
729 497 852 558 force
876 494 930 556 (ff
948 499 1230 556 imagination
1260 500 1304 542 in
1323 507 1551 558 praegnant
1571 479 1743 544 woman³
1775 498 1919 546 Lond.
1948 514 2078 561 1772.
2107 510 2149 557 8.

349 584 650 643 Comparative
660 583 767 624 view
787 577 840 638 of
853 574 1038 637 thestate
1060 576 1150 622 and
1160 577 1361 638 fizculties
1376 578 1428 639 of
1436 595 1535 624 man
1554 576 1658 624 with
1684 577 1794 640 these
1806 581 1858 642 of
1865 579 1934 627 the
1947 585 2111 630 animal
2127 583 2271 631 world

215 645 413 707 London
437 655 568 708 1772.
600 649 642 697 8.

345 727 587 774 Direffzions
606 721 696 769 and
720 720 1009 779 observations
1028 721 1215 784 relating
1236 735 1280 768 to
1293 722 1406 783 foosl
1427 729 1611 771 exc-reice
1633 724 1724 771 and
1737 724 1854 788 sleep
1889 727 2035 775 Lond.
2055 740 2189 788 1772.
2221 737 2266 785 8.

343 809 385 869 J.
406 808 582 853 GREEN
610 808 750 850 oratio
775 804 1082 862 anniversaria
1111 805 1438 851 HARVEYANA
1473 806 1617 852 Lond.
1642 819 1778 865 1772.
1809 814 1852 861 8.

346 890 388 950 J.
411 875 617 933 CLARK'E
647 883 715 930 the
727 885 762 944 s
758 883 883 946 hoing
903 886 955 946 of
973 883 1108 943 horfhs
1130 883 1232 931 with
1254 903 1310 932 cm
1334 888 1593 933 anatomical
1619 888 1874 950 description
1902 890 1955 952 of
1969 889 2040 937 the
2053 890 2154 953 [σοι
2172 892 2224 954 of
2244 909 2271 939 a

217 951 334 1011 horse
369 951 514 997 Lond.
537 961 671 1007 1772.
701 955 740 1001 8.

353 1033 467 1081 Guil.
490 1033 763 1077 FALCONER
796 1027 918 1090 Effizy
942 1046 994 1076 on
1019 1028 1286 1077 Bathwaters
1322 1031 1465 1077 Lond.
1490 1043 1629 1090 1772,
1662 1039 1702 1086 8.
1729 1034 1916 1081 2.Vol.‘’¹t
1982 1036 2137 1082 Bonus
2158 1036 2274 1084 liber

222 1100 263 1145 &
289 1095 604 1157 experimentis
626 1094 763 1139 dives.
833 1090 1028 1139 Effectus
1052 1093 1201 1139 balnei
1223 1112 1233 1138 :
1271 1094 1323 1139 de
1349 1097 1520 1148 calore,
1557 1112 1692 1155 quem
1718 1099 1898 1158 corpori
1932 1100 2135 1160 impertit
2160 1118 2171 1146 ε
2217 1100 2271 1147 de

222 1161 437 1221 pondere,
465 1157 587 1219 quod
605 1155 712 1202 inde
730 1157 909 1215 corpori
926 1157 1128 1208 accedit3
1164 1159 1284 1203 inter
1320 1172 1372 1203 ιο
1397 1160 1554 1205 uncias
1576 1161 1617 1205 &
1642 1172 1882 1219 quaternas
1899 1179 2000 1209 curn
2018 1162 2092 1209 sex
2112 1163 2270 1210 drach-

222 1225 321 1271 mis.
391 1224 525 1269 Calor
545 1231 736 1280 augetur
757 1220 806 1265 in
819 1221 903 1265 alia
928 1221 1104 1266 ratione
1129 1237 1263 1280 quam
1291 1220 1444 1282 pulsus
1467 1240 1477 1267 z
1526 1222 1681 1282 pulsus
1701 1240 1726 1269 a
1748 1231 1808 1278 86
1834 1226 1888 1271 ad
1920 1240 2036 1280 100,
2073 1243 2097 1272 a
2119 1234 2176 1286 85
2211 1229 2267 1274 ad

227 1301 316 1334 100
341 1285 596 1335 adscendit3
633 1285 753 1330 calor
780 1299 805 1328 a
826 1284 909 1339 98⁰
942 1284 996 1330 ad
1036 1285 1157 1330 102⁰.
1226 1286 1405 1353 Corpus
1434 1285 1698 1333 universum
1733 1288 1782 1333 in
1811 1289 1972 1336 balneo
2004 1289 2149 1338 amisit
2176 1307 2274 1351 par-

223 1366 314 1398 tem
344 1347 414 1396 sui
441 1348 651 1408 ponderis
677 1348 758 1410 {2}ss-
826 1348 946 1393 Alias
974 1349 1094 1395 calor
1124 1348 1274 1394 balnei
1310 1362 1398 1394 110
1426 1366 1489 1410 gr.
1524 1348 1636 1403 fuit,
1687 1351 1839 1410 pulsus
1876 1354 1931 1399 ad
1964 1366 2061 1401 120.
2135 1356 2272 1402 Calor

227 1427 316 1472 114
338 1430 402 1474 gr.
433 1411 540 1458 fecit
563 1413 797 1470 ingentem
825 1409 1050 1459 sudorem.
1118 1413 1174 1459 In
1209 1411 1397 1460 thermis
1427 1415 1619 1460 omnino
1649 1412 1786 1463 sudor
1814 1433 1911 1464 non
1941 1416 2238 1479 supprimitur
2256 1452 2271 1472 ‚

223 1475 392 1525 etiamsi
416 1478 538 1523 calor
566 1473 627 1521 est
659 1486 747 1522 102
778 1491 843 1535 gr.

860 1602 905 1660 ἕ.
942 1605 994 1651 Μ
1007 1606 1043 1652 C
1060 1605 1097 1652 C
1108 1607 1144 1653 L
1155 1606 1203 1652 X
1215 1607 1237 1652 1
1249 1604 1312 1652 Χ.
1423 1609 1641 1655 Germani.

352 1708 397 1758 J.
420 1703 580 1764 caspar
597 1704 838 1751 LAVATER
860 1718 946 1748 von
972 1701 1049 1748 der
1073 1700 1386 1764 Physiognomilz
1423 1701 1536 1761 Lips.
1567 1716 1702 1761 1772.
1734 1704 1812 1759 8)ιν
1878 1706 2055 1754 Primus
2080 1708 2273 1762 libellus,

224 1784 315 1828 quo
341 1768 410 1813 vir
432 1768 498 1813 Cl.
521 1768 782 1819 contendit,
822 1766 961 1813 animi
985 1765 1106 1826 quasi
1136 1780 1560 1827 temperamentum,
1591 1770 1632 1814 &
1655 1770 1830 1830 ingenii
1856 1771 2060 1825 modum,
2095 1789 2174 1834 per
2202 1790 2277 1820 ex..

225 1845 353 1878 terna
382 1829 504 1891 signa
534 1831 679 1892 detegi
707 1829 838 1890 poffe.

353 1913 390 1958 E
392 1927 428 1972 J.
465 1917 653 1972 Zweytes
667 1911 801 1959 Stiae'ck
837 1912 897 1958 ib.
919 1921 1056 1970 1772.
1078 1909 1160 1966 8.*
1197 1913 1345 1959 Tituli
1365 1915 1579 1974 capitum,
1617 1914 1664 1960 in
1682 1931 1782 1974 quae
1805 1918 1962 1962 auctor
1982 1932 2197 1976 magnum
2223 1918 2276 1965 de

226 1975 570 2037 physiognomia
588 1993 701 2036 opus
718 1977 948 2035 partietur.
988 1974 1348 2037 Phyfiognomiae
1361 1978 1631 2031 nationales,
1649 1977 1865 2039 religiosae
1883 1998 1896 2031 3
1928 1978 2279 2041 significationes

226 2039 564 2092 musculorum,
598 2041 942 2100 glandularum,
974 2037 1150 2085 offium.
1222 2040 1510 2089 Characteres
1536 2042 1748 2095 virtutis,
1783 2043 1902 2090 vitii.
1970 2045 2123 2091 Multa
2149 2061 2172 2091 a
2196 2061 2276 2091 na-

224 2101 272 2150 so
292 2102 437 2162 sperat
464 2105 506 2150 &
529 2120 553 2149 a
574 2104 756 2149 maxilla
772 2138 784 2156 ,
821 2104 970 2163 aliqua
989 2103 1043 2149 ab
1072 2104 1288 2151 auricula.

354 2186 411 2231 In
441 2201 605 2246 magno
627 2201 761 2244 opere
787 2198 922 2243 1775.
944 2184 1026 2244 4.*
1073 2183 1456 2247 Physiognomische
1490 2190 1737 2248 Fragmente
1765 2188 1893 2248 cujus
1923 2190 1999 2235 alii
2032 2190 2147 2236 tomi
2181 2191 2279 2238 aliis

232 2245 504 2301 succedunt,
538 2265 672 2308 porro
706 2249 971 2302 contendit,
1009 2249 1207 2295 animam
1239 2250 1360 2308 quali
1390 2252 1439 2296 in
1460 2249 1693 2310 superficie
1717 2253 1918 2312 corporis
1946 2255 2113 2300 nudam
2148 2255 2282 2314 adpa-

228 2327 350 2364 rere,
390 2311 470 2358 effe
514 2313 726 2358 omnibus
763 2312 968 2372 partibus
1015 2311 1197 2365 solidis,
1251 2313 1389 2366 naso,
1426 2316 1664 2367 auriculae,
1711 2313 1837 2361 suam
1884 2315 2276 2377 significationem.

229 2375 339 2420 Vim
364 2375 595 2435 cogitandi
621 2374 807 2421 residere
840 2378 887 2422 in
919 2378 1062 2435 capite
1097 2377 1289 2423 interius
1316 2395 1449 2436 quarn
1470 2376 1596 2425 frons
1622 2379 1706 2430 est,
1748 2378 2041 2439 cupiditatem
2064 2381 2111 2425 in
2132 2381 2280 2428 corde.

231 2438 340 2484 Vita
363 2440 526 2499 triplex
559 2437 789 2491 hominis,
823 2440 1056 2492 animalis,
1093 2437 1274 2499 physica
1308 2442 1349 2487 ὃς
1382 2442 1582 2488 moralis.
1671 2442 2008 2490 Sublimitatem
2043 2446 2092 2490 in
2130 2442 2281 2491 fronte

230 2500 443 2555 residere,
476 2500 815 2562 generositatem
836 2504 886 2549 in
912 2502 1035 2549 naso.

356 2587 404 2637 J.
436 2582 553 2630 Frid.
577 2584 766 2631 MAYER
802 2584 966 2632 Gehurt
993 2602 1157 2645 zweyer
1178 2603 1235 2632 an
1260 2585 1339 2632 den
1369 2584 1559 2633 Bc'iuchen
1581 2587 2105 2648 zufiernmengewachftner
2119 2588 2284 2635 Kinder

231 2645 412 2694 Franks.
435 2658 570 2705 1772.
603 2645 682 2699 8.*
716 2647 924 2694 Perfedtae
950 2662 1163 2695 caeterum
1190 2651 1378 2710 puellae,
1425 2667 1502 2711 per
1527 2652 1760 2712 epigastria
1794 2665 1999 2698 connatae
2019 2671 2032 2704 3
2079 2667 2156 2698 cor
2181 2653 2284 2699 uni-

231 2727 337 2758 cum
361 2711 573 2757 intestina
595 2711 751 2756 tenuia
780 2713 1048 2773 conjuncta,
1087 2724 1240 2760 tamen
1262 2712 1605 2761 nesea-ederent.

361 2796 407 2846 J.
427 2790 534 2838 Phil.
557 2793 778 2839 HERW1G=
802 2794 869 2840 M.
891 2794 950 2840 D.
987 2791 1131 2840 wahre
1157 2794 1462 2857 Besclireibung
1487 2813 1651 2855 zweyer
1676 2813 1730 2842 an
1761 2796 1966 2842 einander
1992 2796 2164 2858 gewach
2187 2815 2284 2845 επεν

239 2854 402 2901 Kinder
435 2854 619 2902 Franks.
645 2868 781 2914 1772.
810 2859 882 2910 8.*
948 2854 1046 2916 Ipse
1077 2873 1180 2904 eum
1206 2857 1352 2906 fctum
1386 2859 1559 2906 incidit.
1628 2860 1880 2906 Funiculus
1916 2858 2100 2921 fimplex
2133 2864 2174 2909 ὅ(
2208 2861 2285 2908 he-

240 2933 342 2976 par,
381 2919 472 2965 duo
504 2920 776 2973 ventriculi,
817 2919 1028 2966 intestina
1059 2920 1166 2968 duo.
1237 2925 1330 2972 Cor
1357 2938 1459 2971 cum
1484 2922 1659 2984 magnis
1681 2922 1792 2971 vafis
1816 2921 2018 2986 fimplex.
2084 2927 2197 2975 Non
2213 2925 2287 2971 be-

234 2995 296 3027 ne
314 2997 396 3043 pro
415 2982 681 3033 accidentali
703 2982 801 3034 fetu
820 2983 1029 3034 habitum
1050 2981 1191 3037 fuiffe.
2196 2988 2284 3036 Re-
