2531 3394
808 102 813 104 ξ
856 114 895 166 §-
939 121 1076 172 1104.
1114 69 1282 171 1105.-i
1318 107 1366 158 V
1399 106 1438 157 A
1471 108 1514 156 R
1546 108 1568 157 1
1600 109 1636 156 Ι.
2177 115 2269 167 443

216 243 595 308 principialatere
623 243 715 290 veri
745 243 966 290 animalis.
1034 243 1207 303 Polypo
1234 241 1470 302 proprium
1502 237 1588 292 est,
1632 236 1757 298 quod
1795 239 1890 298 ejus
1921 235 2141 284 machinae
2181 233 2267 282 ser-

215 312 388 358 vientes
422 307 712 354 dominatrici
740 305 902 354 fimiles
926 305 1028 368 sint.

343 408 419 470 EJ.
457 412 526 455 De
554 407 858 469 materialismo
880 422 975 454 cum
988 403 1284 467 fitpplementzh
1311 401 1371 460 ’ἐξ
1399 402 1688 464 confirtcztione
1706 400 1833 449 libelli
1865 398 2056 448 l'homme
2079 400 2268 449 machine

101 462 106 466 Ι
166 486 170 487 ’
210 472 688 534 Tubing.1752.„4.*

339 557 522 600 Antonii
545 556 833 602 MICHETTA
880 550 933 597 de
966 551 1074 596 aei-is
1108 548 1274 597 theoria!
1312 562 1442 611 atque
1481 551 1561 600 eim
1595 553 1639 595 in
1671 560 1814 609 corpus
1845 545 2072 593 humanum
2106 547 2266 592 afc'ione

210 619 366 666 Utinae
398 631 531 676 1749.
555 617 634 677 4.*
699 615 912 678 Juvenile
940 629 1186 662 tentamen.
1256 615 1502 662 Catarrhos
1544 612 1625 660 effe
1663 630 1686 659 a
1721 611 1951 672 spiritibus
1992 610 2262 657 animalibus

209 683 260 730 in
286 681 413 743 spina
437 680 553 728 dorsi
575 678 771 742 spiffatis.

342 779 649 843 Differtazioni
675 796 695 824 e
720 778 868 825 lettere
886 777 1043 838 scritte
1059 779 1194 840 sopra
1222 782 1345 825 varie
1366 782 1546 824 materie
1577 776 1635 823 da
1664 774 1821 835 diversi
1844 775 1992 836 illustri
2017 778 2163 821 autori
2196 778 2263 818 vi-

208 850 328 893 venti
361 847 564 892 Florenz.
598 855 731 901 1749.
771 840 850 896 8)(ν
921 843 1066 889 Caroli
1091 844 1424 889 MANTELASSI
1464 843 1516 888 de
1549 838 1901 901 superfetatione
1939 837 2060 885 diff„
2101 837 2187 884 sive
2211 837 2265 883 de

209 912 339 970 partu
375 906 603 954 infantum
645 922 741 952 non
782 905 983 967 ejusdem
1017 906 1377 967 magnitudinis,
1420 918 1473 952 ut
1513 907 1622 952 alter
1663 916 1702 960 3.
1734 903 2095 953 hebdomadum,
2149 903 2261 947 alter

207 986 253 1031 4.
287 970 505 1018 menfium
536 969 616 1017 effe
641 971 885 1016 videretur.
954 971 1128 1016 Contra
1162 970 1490 1023 evolutionem,
1521 985 1603 1030 pro
1631 967 1803 1015 viribus
1829 984 1885 1014 ex
1910 966 2050 1013 mistis
2083 966 2263 1012 semini-

206 1035 291 1082 bus
321 1051 496 1082 novum
525 1036 691 1081 animal
721 1032 1064 1080 fabricantibus.

332 1135 387 1180 In
413 1136 468 1182 T.
487 1135 545 1181 ΙΙ.
573 1146 706 1192 1750.
730 1139 771 1186 8.
810 1132 1132 1193 compendium
1156 1130 1467 1179 brevissimum
1489 1144 1738 1179 anat-omes.
1829 1133 2002 1178 Contra
2032 1132 2152 1194 lunae
2183 1147 2262 1188 po-

204 1197 420 1244 testatem.
490 1199 576 1245 Pro
603 1198 774 1245 viribus
802 1197 1175 1258 imaginationis,
1207 1197 1373 1257 quibus
1401 1196 1618 1258 nostalgia
1644 1207 1853 1250 curetur,
1890 1212 1988 1242 non
2022 1212 2077 1242 ex
2110 1195 2258 1241 alieno

206 1270 306 1309 aere
335 1275 451 1309 nata.

749 1385 752 1388 ·
814 1363 853 1413 §.
887 1359 1065 1406 MCV.
1160 1359 1283 1406 Louu'
1310 1358 1361 1405 de
1390 1359 1433 1407 la
1461 1358 1627 1412 CAZE,

327 1466 613 1522 Bearnenfis,
649 1466 902 1516 Parisienfis
925 1469 1034 1515 olim
1062 1470 1278 1523 clinicus,
1317 1486 1413 1516 non
1444 1470 1727 1517 anatomicus
1758 1466 1969 1529 quidem,
2006 1465 2081 1514 sed
2114 1483 2260 1514 novo=

200 1549 301 1580 rum
331 1534 674 1594 principiorum,
705 1550 1021 1593 novarumque
1042 1546 1194 1580 motus
1219 1535 1424 1580 animalis
1445 1532 1692 1586 causarum,
1721 1533 1869 1579 audax
1892 1534 2123 1585 inventor,
2153 1548 2260 1577 con-

202 1609 369 1644 temtor
401 1599 757 1650 BOERHAAVII,
796 1595 1011 1644 obscurus
1042 1595 1258 1658 scriptor,
1304 1600 1452 1659 longis
1483 1598 1679 1658 periodis
1707 1598 1950 1643 delectatus
1977 1595 2259 1658 vocibusque

199 1676 297 1708 non
317 1660 538 1715 definitis,
578 1662 659 1722 Qui
683 1673 838 1708 tamen
867 1660 1017 1715 suam,
1048 1661 1334 1723 *potiffimum
1366 1663 1500 1709 etiam
1533 1661 1733 1715 parmis,
1770 1660 1932 1708 sectam
1953 1660 2153 1721 reliquit.

325 1762 399 1821 EJ.
439 1761 499 1807 est
505 1760 711 1823 specimen
723 1766 824 1808 novi
837 1760 1047 1808 medicince
1063 1761 1287 1824 consspefflm
1311 1761 1441 1809 Paris.
1465 1776 1598 1821 1751.
1624 1764 1696 1815 8.*
1724 1762 1858 1808 etiam
1878 1773 2009 1819 1749.
2027 1761 2255 1811 PORTAL.

202 1824 358 1885 Longe
383 1825 516 1885 jubet
538 1826 741 1872 recedere
767 1824 1009 1886 profanos,
1047 1828 1125 1886 qui
1162 1827 1482 1886 experimentis
1511 1830 1757 1877 nituntur3
1804 1825 1981 1872 admitti
2010 1826 2258 1874 STAHLlA-

205 1901 320 1941 NOS,
357 1886 389 1934 si
422 1890 606 1949 paulum
627 1890 770 1936 velint
793 1889 1123 1936 reconcinnari.
1193 1891 1342 1951 Origo
1373 1904 1525 1937 motus
1549 1888 1791 1950 sensusque
1828 1889 1888 1935 est
1908 1887 2094 1950 systema
2119 1907 2257 1936 mem-

199 1950 394 1998 branoso
421 1952 663 2000 nervosum
688 1971 698 1998 z
738 1955 834 2013 ejus
867 1952 1093 2013 scaturigo
1118 1954 1167 2000 in
1195 1954 1432 2015 epigastrio
1463 1954 1547 2007 est,
1586 1970 1681 1999 non
1709 1955 1759 1999 in
1784 1953 1994 2005 cerebro3
2042 1953 2106 1999 ibi
2131 1956 2255 2000 enim

119 2039 144 2062 x
201 2016 350 2062 oritur
372 2032 540 2063 nervus
561 2015 871 2077 sympathicus
896 2034 1116 2078 magnus;
1152 2019 1216 2064 ibi
1247 2018 1308 2064 est
1339 2017 1652 2079 diaphragma,
1689 2019 1758 2064 vis
1790 2018 2134 2064 determinantis
2158 2017 2254 2064 sen-

198 2076 327 2125 fitiva
354 2082 395 2126 &
419 2093 573 2127 motus
601 2081 890 2141 principium.
960 2083 1063 2128 Hoc
1095 2084 1216 2128 inter
1239 2080 1414 2143 septum
1439 2084 1480 2129 &
1505 2081 1716 2128 intestina
1741 2083 1942 2127 alternus
1973 2080 2035 2127 est
2069 2094 2222 2129 motus
2239 2116 2252 2136 ,

199 2145 242 2190 Sc
270 2143 475 2190 ciborum
508 2161 557 2190 ea
583 2144 644 2190 est
676 2143 906 2191 neceffitas
928 2179 939 2198 ,
977 2146 1100 2205 quod
1125 2147 1432 2192 ventriculum
1468 2145 1659 2192 distendi
1689 2144 1854 2191 neceffe
1886 2143 1953 2192 fit.
2022 2146 2108 2193 Sed
2134 2147 2256 2192 idem

197 2207 482 2255 ventriculus
503 2225 606 2255 cum
637 2207 762 2269 septo
791 2208 1046 2256 transverso
1080 2211 1261 2256 cerebro
1290 2211 1602 2271 aequilibratur
1620 2244 1632 2263 ,
1672 2212 1713 2256 &
1742 2226 1798 2255 ex
1824 2225 1873 2255 ea
1896 2209 2139 2256 libratione
2152 2224 2254 2272 per-

190 2281 322 2332 petua
335 2276 480 2333 agitur
492 2273 699 2318 vitalitm.
752 2273 1050 2320 Ventriculus
1070 2276 1111 2320 ἃ
1132 2272 1308 2334 septum
1325 2272 1629 2321 transversum
1645 2290 1747 2320 cum
1761 2285 1861 2320 toto
1878 2289 2064 2332 corpore
2081 2275 2254 2320 anima-

198 2336 253 2380 lis
273 2339 627 2389 connectuntur,
665 2353 743 2396 per
768 2338 1095 2396 peritonaeum‚
1127 2341 1345 2397 pleuram,
1375 2338 1641 2398 appendices
1674 2336 1801 2397 septi.
1870 2336 2083 2383 Adfectus
2113 2338 2255 2384 animi

196 2396 284 2452 hoc
314 2399 618 2458 aequilibrium
639 2401 853 2453 turbant,
887 2400 996 2447 dum
1021 2402 1255 2462 meninges
1280 2400 1412 2461 supra
1434 2402 1619 2448 modum
1646 2402 1859 2448 tendunt.
1928 2402 2052 2448 Idem
2076 2399 2254 2461 septum

196 2478 301 2508 vera
316 2463 377 2508 est
392 2461 613 2523 scaturigo
628 2479 839 2509 motuum
858 2475 1043 2516 naturae,
1060 2481 1173 2524 quos
1190 2465 1396 2511 obicibus
1409 2463 1626 2511 morbosis
1641 2465 1857 2524 obponit:
1896 2482 1949 2511 ex
1963 2465 2057 2524 ejus
2073 2477 2254 2523 torpore

195 2538 369 2572 naturae
388 2524 513 2572 nisus
540 2525 772 2573 deficiunt.
846 2529 1004 2574 Motus
1021 2529 1315 2588 peristalticus
1339 2527 1393 2576 fit
1410 2546 1432 2575 a
1456 2545 1688 2588 premente
1703 2528 1855 2589 septe,
1894 2532 1933 2575 ἃ
1953 2530 2005 2574 ab
2029 2528 2253 2573 intestinis

196 2591 246 2637 in
269 2589 392 2636 suam
414 2590 725 2636 dilatationem
753 2591 1021 2638 nitentibus.
1089 2591 1358 2639 Manifestus
1384 2609 1518 2653 porro
1545 2595 1594 2639 in
1606 2599 1800 2653 'corpore
1819 2593 2002 2639 animali
2038 2591 2096 2637 cst
2124 2607 2255 2651 appa-

196 2664 321 2700 ratus
357 2654 706 2714 aponevroticus
749 2652 1115 2708 membranosus‚
1153 2673 1208 2702 ex
1244 2657 1373 2717 cujus
1406 2657 1763 2717 reciprocatione
1791 2673 1946 2702 omncs
1981 2657 2029 2701 in
2065 2670 2253 2714 corpore

197 2719 379 2764 animali
407 2730 559 2764 motus
589 2717 816 2778 pendent:
862 2720 902 2765 &
939 2718 1012 2766 hic
1046 2717 1137 2780 ipse
1170 2732 1407 2781 apparatus
1446 2737 1530 2780 ope
1561 2720 1783 2781 epigastrii
1807 2736 1908 2765 cum
1933 2719 2116 2779 reliquis
2153 2734 2250 2764 cor-

135 2794 141 2797 ·
199 2781 318 2838 poris
348 2783 552 2841 partibus
586 2783 811 2829 alternum
836 2794 1012 2829 motum
1036 2796 1225 2830 exercet.
1295 2785 1549 2846 Intelligat,
1587 2786 1655 2830 cui
1680 2784 1725 2830 id
1756 2783 1912 2829 datum
1943 2782 2017 2828 est.

312 2879 457 2933 ,Nova
490 2880 633 2932 editio
654 2882 823 2943 prodiit
846 2880 979 2930 Paris.
1001 2895 1136 2944 1754.
1164 2899 1268 2930 cum
1294 2883 1431 2930 titulo
1450 2918 1462 2938 ,
1501 2886 1784 2944 Institutiones
1810 2881 2021 2931 medicina
2061 2899 2113 2930 ex
2139 2897 2251 2930 novo

198 2937 405 2990 medicina
430 2942 654 3008 conspesz‘u.

281 3039 286 3043 ·
1230 3028 1272 3078 Κ
1294 3031 1325 3075 k
1357 3029 1389 3076 k
1423 3040 1453 3079 2
2170 3029 2206 3078 E
2210 3043 2248 3091 J‘.
