2531 3394
238 137 333 191 με
563 130 570 137 “
622 134 756 182 Lm.
804 107 898 182 ix.
983 124 1408 195 ANAToMEs·
1446 95 1885 182 PER‘FssECT‘I‘O.

232 262 383 318 sente,
415 279 512 311 eam
537 260 667 312 sensu
700 262 898 313 caruiffe.
968 262 1241 314 Cellulosam
1281 262 1416 308 telam
1446 257 1589 314 fuiffe,
1617 261 1741 322 quod
1765 261 2172 312 LAGmushabuit
2205 281 2288 326 pro
2306 264 2312 275 ²

232 329 410 383 nervis,
447 345 553 376 cum
577 330 851 390 pellucidum
879 327 1032 376 fuerit.
1102 330 1171 374 De
1199 341 1442 378 venarum,
1486 325 1783 382 arteriarum,
1820 327 2184 376 membranarum
2218 332 2289 377 in-

231 391 379 440 sensili
409 405 579 441 natura·
595 392 728 456 supra
753 407 935 442 centurn
967 391 1009 439 se
1039 392 1348 453 experimenta
1379 387 1559 435 habere.
1627 385 1824 436 Differre
1857 387 2158 450 phaenomena
2187 411 2289 442 ner.

231 473 396 503 vorum
425 458 480 504 ab
508 459 741 507 electricis.
808 459 920 506 Non
950 457 1105 516 opium
1141 453 1247 508 effe,
1294 451 1371 499 sed
1401 451 1610 513 spiritum
1637 453 1764 506 vini,
1802 454 1882 513 qui
1919 457 2070 502 nervis
2091 455 2291 506 ‘faculta-

230 531 322 567 tem
350 520 511 575 aufert,
536 521 616 576 sua
638 523 895 569 irritatione
919 517 1235 568 convulsiones
1261 517 1544 579 producendi
1559 552 1574 571 „
1607 519 1648 564 ἃ
1677 534 1779 564 eum
1805 516 2014 578 spiritum
2035 515 2291 579 perinde‚id

228 582 374 632 facere
400 585 567 646 absque
595 588 715 646 opio.
782 587 923 632 Nulla
958 599 1221 631 nervorum
1239 582 1434 628 irritatio
1464 582 1611 628 cordis
1650 595 1826 628 motum
1859 594 1993 640 auget
2018 595 2098 629 aut
2125 597 2288 634 mutat.

229 648 446 713 Placenta
477 649 752 698 &secundae
784 647 1027 694 insensiles.
1097 648 1189 693 Cor
1215 647 1375 705 utique
1399 644 1532 691 etiam
1559 647 1609 691 in
1635 647 1863 706 anguillis,
1900 646 2010 692 dum
2036 647 2154 709 agit,
2187 648 2289 696 bre-

230 713 334 763 vius
363 714 503 762 reddi.
571 711 796 761 Adversus
823 714 930 760 alias
962 711 1016 758 de
1050 722 1212 758 natura
1239 709 1450 756 irritabili
1481 707 1773 770 objectiones.—

351 814 431 874 ΕΙ.
477 813 546 860 clei
575 816 678 861 moti
709 812 799 859 dell‘
823 811 932 858 iride
965 812 1112 858 Lucca
1137 815 1271 869 1765.
1294 810 1367 864 8.*
1433 809 1602 856 Iridem
1641 809 1831 856 omnino
1865 807 1996 857 sensu
2017 810 2289 859 irritationis

231 892 378 926 carere
397 912 409 931 ,
465 880 506 924 &
538 879 684 924 lucem
726 892 803 937 per
830 874 1178 922 infundibulum
1203 876 1253 921 in
1285 873 1445 920 iridem
1483 873 1828 920 determinatam
1862 876 2036 920 nullam
2060 873 2204 922 facere
2235 876 2288 922 in

227 942 400 1001 pupilla
434 943 735 988 mutationem
759 958 770 986 ε
824 940 984 999 utique
1011 956 1136 993 vero,
1176 954 1313 999 quam
1349 938 1547 998 primum
1570 938 1649 983 lux
1674 953 1752 997 per
1774 938 1988 997 pupillam
2009 938 2063 985 ad
2093 940 2286 986 retinam

229 1007 370 1051 venit.
440 1007 507 1053 Ita
534 1007 585 1055 in,
607 1004 793 1051 homine
821 1005 861 1050 &
883 1004 932 1050 in
955 1004 1147 1051 animale
1170 1003 1363 1063 repetito
1391 1002 1522 1049 vidit.
1594 1001 1880 1047 Eossd‘e‘mum
1900 1002 2105 1056 inclinat,
2142 1017 2196 1050 ut
2214 1004 2291 1050 iri-

174 1126 176 1131 *
230 1068 331 1114 dem
360 1068 440 1115 sibi
467 1071 664 1115 relictam
688 1079 819 1129 putet,
845 1066 1040 1116 clausam
1068 1065 1147 1113 effe
1179 1069 1219 1114 ἃ
1248 1063 1492 1120 extensam,
1520 1068 1561 1113 ἃ
1586 1065 1749 1125 aperiri
1767 1077 1902 1124 atque
1932 1066 2081 1112 claudi
2107 1067 2294 1114 arbitra-

227 1133 298 1178 rio
332 1145 483 1186 motu,
520 1146 572 1179 ut
604 1133 851 1193 palpebras.
918 1132 1082 1177 Nullas
1121 1131 1289 1179 habere¹
1311 1129 1450 1178 fibi-as
1478 1132 1700 1179 anulares.
1768 1130 1963 1177 Dilatari
1990 1129 2109 1192 poffe
2139 1132 2288 1192 pupil-

227 1197 321 1247 lam,
347 1198 573 1244 diminuto
602 1197 848 1243 humorum
881 1195 1081 1242 adfluxu.

356 1297 429 1358 EJ.
478 1301 637 1343 Nuove
661 1294 940 1358 offirvazioni
961 1294 1096 1357 sopra
1133 1298 1148 1341 i
1176 1295 1358 1357 globetti
1385 1292 1488 1352 roffi
1511 1294 1580 1341 del
1602 1295 1763 1357 fimgue
1803 1300 1939 1351 1766.
1970 1292 2048 1347 8.*
2115 1294 2291 1342 Contra

227 1362 495 1415 TURRIUM,
522 1378 651 1408 veros
672 1360 966 1407 inmutabiles
992 1359 1204 1420 globulos
1231 1361 1392 1406 rubros
1422 1359 1567 1412 vidit,
1604 1376 1752 1419 neque
1779 1358 1969 1418 pallidos
1986 1393 1998 1411 ,
2042 1375 2188 1418 neque
2211 1360 2291 1405 ob-

227 1427 415 1486 longos,
451 1442 600 1484 neque
627 1442 783 1478 cavos,
828 1441 975 1484 neque
1007 1422 1050 1469 se
1080 1424 1384 1484 producentes
1416 1424 1467 1469 in
1504 1424 1709 1485 longum.
1778 1423 2011 1468 Ranarum
2043 1424 2204 1482 pulmo
2244 1425 2301 1469 &ff

175 1514 181 1516 -
227 1491 325 1550 ejus
356 1501 448 1535 rete
472 1487 768 1535 vasculosum.
836 1489 890 1534 In
913 1486 1371 1534 semine-animalium
1389 1504 1494 1533 vera
1515 1487 1785 1533 animalcula
1804 1485 1992 1531 caudata
2012 1504 2025 1536 3
2060 1503 2155 1532 non
2178 1503 2282 1533 cau-

228 1554 328 1599 data
355 1570 462 1599 vero
487 1554 536 1599 in
567 1570 683 1613 aqua
714 1569 816 1599 cum
842 1553 979 1598 variis
1010 1552 1266 1612 quisquiliis
1300 1549 1483 1605 infusa„
1513 1562 1708 1611 utraque
1735 1565 1839 1598 vera
1872 1549 2101 1597 animalia.
2166 1547 2294 1597 Cres-

228 1633 326 1668 cere
349 1618 526 1671 eadem,
560 1633 708 1677 neque
738 1617 788 1663 in
816 1616 1040 1663 minorem
1064 1618 1230 1662 molem
1265 1615 1426 1662 redire,
2269 1640 2270 1643 =

354 1718 411 1767 In
435 1718 625 1765 afrorum
643 1713 806 1778 physico
836 1719 1085 1764 criticorum
1112 1717 1168 1763 T.
1189 1713 1245 1763 11.
1282 1715 1408 1764 Senis
1435 1720 1571 1774 1767.
1595 1714 1673 1773 4⁹⁵
1698 1713 1842 1760 edidit
1867 1717 2042 1760 Lettera
2069 1712 2182 1773 fitlla
2203 1717 2288 1775 epi-

226 1780 399 1828 didime.
467 1783 801 1834 Maceratione,
835 1781 1110 1840 injefflone,
1150 1781 1345 1826 detracta
1366 1782 1633 1839 albuginea,
1671 1778 1831 1838 (quod
1862 1776 2044 1824 difficile
2085 1776 2183 1831 est)
2217 1778 2288 1825 bis

226 1848 417 1905 replevit
442 1845 724 1898 testiculum,
760 1861 900 1891 conos
925 1843 1099 1890 nostros
1128 1844 1319 1890 omnino
1349 1856 1421 1902 37.
1447 1845 1736 1896 numeravit,
1773 1854 1866 1889 rete
1890 1840 2205 1895 confirmavit,
2236 1843 2279 1888 <Sc

228 1909 579 1975 epididymidem
602 1912 792 1956 unicum
817 1907 896 1954 else
926 1906 1174 1954 vasculum.

356 1992 461 2041 Ibid.
485 2049 487 2051 r
517 1991 569 2037 de
596 1991 744 2053 legibus
771 1990 1114 2043 irritabilitatis,
1151 1987 1291 2036 recus.
1319 1990 1478 2035 Luccae
1501 1994 1636 2046 1763.
1671 1987 1745 2041 8.*
1818 1986 1885 2034 Ab
1921 1987 2057 2034 unica
2085 1985 2287 2033 stimula-

229 2056 355 2106 tione
381 2056 563 2101 unicam
587 2057 635 2101 in
659 2054 860 2101 musculo
891 2056 1248 2100 contraclionem
1282 2052 1421 2112 sequi.
1492 2053 1585 2098 Cor
1619 2050 1813 2112 perfecie
1848 2052 2106 2104 inanitum,
2146 2047 2290 2110 quies·
2319 2100 2321 2102 ,

230 2136 353 2173 cere,
391 2122 431 2166 ὁὶ
454 2118 634 2165 subito:
670 2118 800 2179 seque
826 2120 873 2164 in
897 2116 1069 2163 sinistro
1099 2118 1358 2164 ventriculo
1390 2117 1750 2176 experimentum
1793 2114 1951 2161 feciffe.
2022 2116 2114 2161 Cor
2152 2115 2289 2160 etiam

228 2184 279 2230 in
306 2182 480 2243 frigidis
506 2184 773 2229 animalibus
803 2183 880 2228 diu
907 2181 1054 2227 suain
1080 2182 1243 2227 inertia
1270 2196 1463 2226 manere.
1534 2181 1602 2226 Ad
1623 2196 1788 2225 novam
1818 2180 2175 2225 contraCtionem
2198 2193 2284 2223 no-

228 2264 338 2293 vum
366 2247 594 2293 stimulum
622 2247 803 2306 requiri.
874 2244 1195 2292 Oscillationes
1228 2246 1433 2291 carnium
1470 2245 1510 2289 ἃ
1542 2244 1688 2289 cordis
1716 2242 1986 2303 frigidorum
2020 2243 2286 2287 animalium
2316 2279 2317 2284 ,

228 2312 282 2356 ab
317 2312 414 2357 aliis
439 2308 596 2357 cauffis
621 2310 880 2355 continuari
905 2308 1036 2369 polse.
1104 2309 1266 2354 Videri
1290 2309 1340 2354 in
1368 2309 1566 2353 relaxato
1596 2305 1800 2352 musculo
1827 2307 2020 2366 aliquem
2052 2306 2285 2351 stimulum

226 2373 467 2434 superelse,
506 2375 584 2433 qui
617 2373 775 2419 sensim
802 2371 1041 2425 increscat,
1094 2374 1134 2419 &
1171 2372 1353 2417 demum
1386 2369 1615 2417 sufficiens
1650 2371 1793 2416 robur
1826 2373 1986 2415 naclus
2029 2371 2078 2415 in
2109 2380 2302 2416 contra-w·

228 2440 425 2485 &ionem
446 2450 669 2498 erumpat.
740 2437 848 2482 Vim
881 2438 1037 2482 nervei
1071 2436 1235 2496 liquidi
1267 2437 1319 2482 in
1355 2435 1488 2483 corde
1519 2432 1756 2480 obscuram
1787 2433 1894 2487 effe,
1935 2450 2037 2479 cum
2067 2444 2293 2495 perpetuo.

228 2502 395 2553 adfluat
412 2537 424 2555 ,
463 2519 541 2548 cor
563 2518 671 2548 vero
693 2502 863 2547 alterne
884 2501 1074 2546 laxetur.

357 2585 526 2645 EJUSD.
566 2579 794 2629 Richerche
808 2579 950 2644 fifiche
969 2581 1102 2641 sopra
1132 2580 1166 2626 il
1190 2597 1348 2627 veneno
1382 2580 1490 2626 della
1513 2584 1663 2641 vipera
1700 2581 1849 2627 Lucca
1876 2584 2010 2637 1767.
2040 2578 2115 2631 8.”·ε
2179 2575 2287 2622 Exi·-

227 2649 370 2695 mlum
414 2648 694 2706 opusculum.
760 2647 932 2692 Dentes
963 2645 1128 2703 viperae
1159 2657 1365 2690 accurate
1401 2643 1634 2703 descripti,
1674 2657 1772 2690 tum
1811 2659 1966 2689 eorum
1992 2641 2190 2688 canalem
2210 2655 2287 2684 ve-

227 2713 484 2758 neniferum
508 2747 519 2765 ,
556 2710 783 2757 foramina
799 2708 1071 2760 excretoria,
1106 2707 1320 2761 ductum,
1358 2708 1571 2760 veficam,
1609 2708 1774 2753 rectius
1794 2723 1929 2766 quam
1958 2707 2141 2751 REDUS.
2210 2704 2281 2749 De

229 2793 280 2822 e‹.›
304 2793 477 2821 veneno
503 2776 808 2835 experimenta
827 2774 875 2818 in
905 2772 1040 2819 variis
1070 2771 1338 2817 animalibus
1366 2784 1506 2831 capta.
1575 2773 1687 2817 Non
1713 2771 1896 2816 videtur
1927 2768 2104 2814 acidum
2136 2782 2284 2826 neque

228 2856 326 2885 acre
357 2839 460 2891 else,
500 2838 751 2900 subpingue
780 2838 952 2898 utique.
1022 2835 1194 2880 Contra
1223 2836 1482 2882 MEADmM
1500 2869 1512 2887 ,
1550 2848 1604 2881 ut
1637 2850 1767 2880 canes
1793 2834 1838 2879 id
1858 2833 1986 2879 avide
2014 2831 2283 2890 deglutiant.

227 2907 378 2961 Apum
413 2920 639 2949 venenum
665 2919 763 2949 acre
786 2901 860 2948 est.
928 2900 1070 2947 Nulla
1092 2898 1141 2943 in
1163 2914 1340 2944 veneno
1360 2899 1526 2958 vipera:
1547 2899 1830 2947 animalcula.
1901 2894 2061 2944 Videri
2081 2894 2202 2942 idem
2225 2896 2285 2941 ir-

226 2967 537 3018 ritabilitatem
565 2966 813 3021 destruere,
854 2967 894 3014 ἃ
931 2964 987 3012 ad
1020 2962 1113 3026 opii
1137 2973 1345 3010 naturam
1375 2962 1579 3010 accedere
1611 2964 1694 3024 &03

2201 3030 2278 3104 EJ.
