2531 3394
762 103 809 165 ς.
850 112 974 156 1266
999 131 1061 142 —-
1090 110 1232 167 1267.
1298 107 1343 154 D
1376 107 1400 155 Ι
1434 105 1473 154 A
1505 107 1550 155 R
1581 108 1604 156 1
1634 108 1689 158 A.
1930 154 1938 162 ,
2160 115 2255 168 691

321 239 626 286 BOURIENNE
659 233 801 282 vesica
829 236 1028 283 urinaria
1057 233 1183 296 septo
1208 233 1364 282 divisa.

323 320 589 366 CfflsEAUX
620 318 673 364 de
698 317 850 365 nescio
878 333 969 378 qua
991 316 1312 363 articulatione
1340 315 1444 364 offis
1464 328 1731 379 *temporum
1758 334 1861 364 cum
1887 317 2091 370 frontali.

321 406 373 450 Κ.
401 399 600 460 Swenska
626 399 838 458 Wetenfh.
862 398 1002 446 Acad.
1036 397 1320 461 Handlingar
1349 400 1402 446 T.
1418 400 1648 446 XXXIlI.
1673 400 1784 445 anni
1811 412 1946 458 1772.

320 483 435 530 Elias
450 486 616 529 LAGUS
645 484 698 529 de
722 479 997 541 ampliffimae
1019 479 1242 539 parochioe
1260 479 1458 528 Kusamo
1485 482 1531 527 in
1554 480 1749 527 Bothnia
1780 482 2048 530 occidentali
2071 485 2255 535 incolis.

132 541 134 543 ¹
190 547 352 594 Partus
378 558 547 592 mortes
573 549 707 606 longe
733 544 968 604 superant,
1007 546 1049 589 Sc
1083 545 1133 590 in
1162 562 1214 591 eo
1243 548 1407 591 ultimo
1440 544 1743 605 septentrione
1768 545 1880 592 adeo
1905 544 2113 595 fecundae
2142 549 2254 598 sunt

191 614 364 672 nuptiae
380 645 393 664 ,
429 622 483 656 ut
507 610 593 656 tria
616 610 828 669 conjugia
852 610 1100 667 quotannis
1129 625 1274 655 unum
1297 610 1406 655 dent
1431 623 1625 669 partum.

325 691 525 739 Andreas
555 688 656 744 Joh.
683 691 983 736 Hoos‘ra'om
1017 689 1069 735 de
1097 690 1227 751 adipe
1250 691 1536 738 animalium.
1606 691 1731 739 Solvi
1751 706 1855 737 eum
1878 692 2034 738 vitello
2061 692 2170 746 ovi,
2208 695 2254 741 &

193 772 298 803 cum
327 756 527 817 gummi,
568 770 671 799 cum
701 755 779 799 illo
807 754 984 800 melius.

193 902 202 910 ⁰
321 841 442 891 Petri
472 839 683 882 ASCANH
731 834 904 895 philina
941 835 1283 897 quadrupartita
1312 853 1325 882 ε
1384 837 1480 898 ejus
1511 808 1598 891 -OS'
1641 853 1756 884 anus
1777 871 1789 891 ,
1837 838 1880 883 &
1922 848 2121 897 quatuor
2163 835 2255 885 offa

189 913 384 948 interna.

317 982 372 1027 In
399 981 607 1028 Tom.II.
638 981 824 1026 Volum.
841 981 973 1027 XIII.
999 997 1120 1027 anno
1146 991 1280 1038 1772.
1311 980 1434 1027 edito
1453 981 1583 1027 diarii
1609 980 1970 1043 Verhandelingen
1994 995 2255 1045 uytgegeven‘

189 1044 296 1092 door
324 1045 375 1091 de
397 1043 666 1103 Harlemsche
688 1043 993 1105 maatscloappy
1021 1043 1269 1090 Wilhelmus
1294 1044 1344 1090 de
1361 1045 1496 1091 Voss
1514 1045 1567 1091 de
1593 1046 1940 1106 experimentis,
1971 1046 2257 1106 potiffimum

190 1110 324 1155 etiam
359 1109 412 1154 de
439 1108 767 1160 Sandiorianss,
805 1124 905 1166 quae
929 1108 1095 1154 laudat.

322 1190 626 1237 Commentarii
650 1191 754 1233 novi
778 1188 1017 1234 Academiae
1040 1192 1323 1235 Scientiarum
1349 1190 1676 1250 Petropolitanae
1714 1191 1792 1251 qui
1813 1190 1868 1237 ad
1893 1208 1932 1238 a.
1957 1202 2092 1250 1772.
2116 1192 2253 1253 perti-

187 1265 324 1306 nent,
365 1255 407 1299 &
436 1255 739 1300 Commentarii
765 1256 868 1298 novi
898 1256 987 1299 Soc.
1019 1256 1122 1315 Reg.
1155 1253 1435 1315 Gottingenfis
1462 1255 1517 1301 T.
1542 1256 1624 1302 111.
1656 1255 1712 1301 ad
1746 1271 1920 1301 annum
1941 1268 2077 1314 1772.
2102 1255 2250 1303 disser-

188 1320 386 1364 tationes
410 1315 594 1368 habent,
621 1315 733 1360 alibi
758 1315 850 1375 jam
874 1316 1108 1363 indicatas.

314 1399 369 1445 In
396 1398 547 1444 Tomo
572 1396 656 1442 IV.
688 1387 966 1455 Berlinischer
990 1398 1303 1460 Sammlungem
1341 1402 1419 1459 qui
1439 1417 1478 1446 a.
1504 1412 1638 1459 1772-
1666 1400 1861 1461 prodiit,
1897 1401 1951 1447 de
1974 1399 2248 1450 adservatio..

185 1479 243 1509 ne
272 1461 536 1508 animalium
568 1461 816 1513 rariorum,
851 1473 897 1507 at
924 1461 976 1506 de
1007 1463 1266 1522 gigantibus
1296 1466 1580 1526 patagonicis
1605 1466 1783 1527 agitur,
1820 1467 1899 1526 qui
1916 1481 2062 1526 nuper
2088 1466 2144 1512 ad
2163 1465 2247 1512 sta-

184 1538 334 1573 turam
357 1526 472 1572 bene
501 1524 600 1571 nati
622 1523 821 1572 hominis
847 1525 1096 1572 redierunt.

845 1668 891 1727 §.
928 1674 1337 1721 MCCLXVII.
1450 1675 1574 1724 Galli.

309 1788 348 1835 L
386 1822 396 1834 .
429 1822 439 1833 .
474 1822 485 1833 .
521 1786 738 1848 Chirurgi
761 1796 823 1833 tr.
851 1786 902 1832 de
922 1786 1112 1835 l’homme
1137 1788 1196 1845 ἐξ)
1220 1788 1270 1835 de
1295 1789 1339 1835 la
1351 1788 1510 1850 semme
1536 1789 1765 1849 confidere's
1788 1789 2103 1854 phyfiquement
2136 1793 2251 1841 dans*

181 1853 304 1899 l’etat
325 1852 375 1897 de
406 1856 596 1913 mariage
629 1853 749 1898 Paris
775 1863 911 1908 1772.
943 1859 984 1905 8.
1024 1852 1217 1900 2.Vol.*
1283 1854 1663 1913 Temperamenta
1692 1868 1908 1915 quatuor.
1977 1859 2112 1905 Levis
2137 1874 2242 1905 ana-

182 1927 306 1962 tome
332 1917 531 1975 partium
562 1915 847 1976 generationi
868 1914 1160 1962 servientium
1185 1934 1196 1961 ε
1235 1915 1479 1976 hymenem
1508 1917 1668 1978 rejieit.
1739 1921 1915 1968 Contra
1934 1922 2243 1970 BUEFONIUM-

181 1996 236 2026 ex
269 1981 380 2026 meis
402 1979 750 2039 experimentis3
789 1981 968 2025 nullum
1000 1980 1097 2026 dati
1120 1978 1272 2026 semen
1301 1981 1537 2028 muliebre.

309 2083 529 2126 Nouveau
550 2077 830 2124 dielionnaire
859 2078 1072 2138 universel
1098 2078 1150 2126 de
1173 2078 1405 2134 medecine‚
1449 2080 1501 2126 de
1528 2079 1745 2144 chirurgiae
1775 2080 1835 2138 ἓξ
1870 2082 1923 2129 de
1951 2083 2059 2131 I’art
2084 2087 2241 2132 ve'te'rt'.

179 2145 301 2190 naire
345 2143 469 2189 Paris
492 2154 627 2200 1772.
656 2154 724 2188 12.
760 2141 952 2193 6.Vol.*
1017 2145 1237 2190 Austores
1274 2142 1382 2190 sunt
1420 2145 1486 2191 M.
1513 2146 1744 2193 NICOLAS
1779 2147 1830 2192 de
1852 2148 2079 2203 MARQUE
2101 2182 2113 2202 ‚
2150 2151 2241 2196 LA„

182 2219 423 2256 SERVOLE.
517 2205 586 2252 Ad
613 2217 857 2252 anatomen
891 2222 941 2251 ea
983 2204 1076 2252 sola
1114 2208 1334 2260 tradunt,
1383 2225 1483 2268 quae
1516 2210 1710 2255 maxime
1741 2210 1978 2259 necessaria
2010 2213 2244 2261 videntur.

178 2269 362 2316 Errores
383 2269 498 2315 bene
526 2270 677 2323 multi,
703 2280 752 2315 ut
775 2271 947 2316 renales
977 2271 1161 2317 arterias
1190 2287 1244 2317 ex
1274 2269 1579 2320 mesentericis
1610 2284 1737 2322 ortae.

309 2368 366 2414 T.
389 2368 448 2413 11.
479 2367 658 2415 Darton
690 2367 943 2416 musculum
972 2368 1070 2418 effe.

308 2466 364 2513 T.
386 2466 468 2512 111.
504 2466 677 2512 Contra
702 2467 1024 2518 Bumomum.

308 2565 363 2612 T.
386 2565 444 2610 V.
480 2566 662 2612 Servata
689 2567 782 2613 vita
815 2566 997 2614 feminae
1027 2565 1242 2627 sepultae,
1296 2584 1401 2615 cum
1441 2571 1554 2617 latro
1592 2573 1781 2619 anulum
1809 2571 1862 2618 de
1889 2571 2030 2633 digito
2065 2575 2238 2621 violen-

176 2630 477 2738 telavelleret.
563 2629 635 2674 Bis
675 2640 853 2677 tantum
890 2631 1212 2678 inflammatam
1253 2634 1457 2693 pleuram
1490 2634 1669 2698 Joseplm
1702 2638 1969 2683 L1EUTAUD
2004 2637 2239 2700 contigiffe

175 2708 343 2740 vicere.

303 2774 360 2820 T.
380 2773 464 2819 VI.
501 2774 664 2821 Parum
696 2777 827 2835 plene
857 2777 910 2822 de
935 2774 1142 2823 saccharo
1164 2778 1304 2825 laetis.
1373 2780 1591 2826 Fabulam
1618 2782 1856 2827 tarantulae
1884 2797 1968 2842 pro
1997 2796 2103 2829 vera
2131 2796 2237 2832 nara·

174 2847 292 2883 rant.
359 2837 606 2885 Venenum
626 2840 790 2901 viperae
823 2840 1003 2886 aeidum
1029 2838 1110 2885 effe
1131 2873 1146 2894 ,
1184 2840 1450 2904 sanguinem
1479 2846 1732 2905 coagulare.

304 2938 517 2984 Memoire
535 2938 619 2998 sur
644 2939 702 2987 les
725 2937 933 2987 methodes
958 2937 1322 3052 rafraichtffistntes
1347 2940 1406 2998 &³
1425 2941 1710 3004 echauffimtes
1726 2955 1817 3006 par
1834 2947 1907 2994 M.
1925 2943 1976 2993 de
1988 2945 2232 3056 limfis-1¹13&

955 3039 959 3045 „
1246 3020 1265 3051 s
1304 3021 1324 3053 s
1343 3022 1362 3053 s
1397 3017 1425 3055 2
2128 3024 2231 3070 ηομ
