2531 3394
307 120 405 171 sos,
703 116 837 171 LIB.
886 116 982 164 ιχ.
1045 107 1456 162 ANAToMEs
1503 78 1945 159 vuarnerio.

306 247 476 297 ticulae.
526 244 817 307 ‘Vermiculis
840 243 1116 307 spermaticis
1140 238 1222 288 sua
1246 239 1409 301 utique
1431 238 1576 287 cauda
1600 238 1691 286 est:
1724 255 1882 288 eorum
1907 239 2067 288 fimilia
2091 237 2224 297 sunt,
2255 258 2358 304 quae

305 311 359 360 in
385 326 502 370 aqua
535 326 638 357 cum
670 311 908 358 nonnullis
933 305 1237 370 leguminibus
1265 302 1415 351 insusa
1448 302 1727 357 nascuntur,
1760 306 1844 360 (Sc
1867 321 1968 365 quae
1992 305 2208 353 videntur
2237 308 2360 355 Bur-

307 388 558 426 FONIAle
576 372 823 428 simillima,
856 389 959 420 cum
983 370 1169 418 caudam
1194 366 1320 415 suam
1347 366 1640 428 deponant).
1738 366 1807 414 Ad
1843 369 2000 431 polypi
2026 368 2196 416 claffem
2224 371 2361 431 perti-

305 450 437 488 nent,
502 438 562 488 In,
586 438 806 499 principio
834 435 1085 498 putredinis
1103 432 1199 480 haec
1223 433 1493 480 animalcula
1515 429 1792 492 potissimum
1813 431 2058 492 adparent,
2095 450 2234 494 eaque
2262 451 2359 496 pers

306 499 424 548 fecta
448 501 694 549 intereunt.
763 501 888 548 l-dem
924 500 1073 551 calor,
1111 497 1192 557 qui
1225 497 1427 558 germina
1456 497 1714 556 plantarum
1747 495 1931 556 expellit
1951 529 1964 549 ,
2001 496 2136 542 etiam
2172 499 2360 545 animal:-

307 567 424 615 culis
452 563 587 612 favet.
656 564 795 614 Nihil.
817 581 874 612 ex
897 562 1138 622 vegetabili
1169 576 1310 621 regno
1338 561 1481 606 vitam
1508 560 1749 606 animalem
1778 559 1954 612 induit,
2003 561 2045 606 &
2073 576 2174 620 quae
2203 562 2360 609 viden-

306 641 391 678 tur·
412 629 680 676 animalcula
705 644 760 674 ex
787 626 1027 687 vegetabili
1046 625 1229 671 materie
1255 635 1361 670 nata
1391 621 1472 669 effe
1491 653 1502 670 ,
1532 639 1582 669 ea
1613 639 1710 669 non
1735 639 1841 670 vera
1870 621 1978 669 sunt
2007 623 2243 679 animalia,
2279 641 2358 671 ne-

307 709 396 754 que
430 694 579 740 vitalis
604 692 879 739 conditionis
911 688 1031 750 figna
1063 687 1324 735 ostendunt.
1392 687 1450 733 In
1476 688 1577 747 jure
1598 687 1744 735 carnis
1766 690 1895 734 codic
1921 687 2056 733 etiam
2087 689 2358 735 animalcula

306 755 573 805 nascuntur.
641 754 831 802 Fervida
856 754 1037 814 quidem
1072 768 1188 812 aqua
1212 751 1356 797 vitam
1385 749 1625 797 animalem
1656 751 1903 811 opprimit,
1935 753 1977 797 &
2005 767 2106 812 quae
2141 753 2193 799 in·
2224 753 2358 800 certis

307 821 567 881 liquoribus
592 817 864 870 nascuntur,
901 833 953 863 ea
974 816 1189 864 videntur
1217 815 1272 860 ab
1303 821 1404 861 aere
1427 812 1534 867 effe,
1573 816 1616 860 ἃ
1644 816 1770 861 nulla
1797 814 1929 868 sunt,
1967 814 2151 875 quando
2187 814 2358 863 calidif-

305 883 418 931 fima
445 885 563 930 vitra
589 883 820 929 continuo
837 897 941 927 eum
973 896 1091 941 aqua
1119 876 1270 926 infusa
1294 875 1644 938 colliquescente
1677 879 1799 924 vitro
1823 879 2112 926 obturantur.
2202 881 2258 927 In
2292 892 2358 928 te-

303 946 538 999 nuissimis
558 944 835 1006 corpusculis
856 943 1135 1005 speculandis
1158 942 1334 1004 praestat
1358 940 1631 1002 simplicibus
1653 940 1960 1003 microscopiis
1985 944 2066 990 uti.

429 1030 600 1090 EJUSD.
649 1028 757 1073 Dell’
788 1031 937 1079 fazione
968 1025 1038 1072 del
1062 1041 1189 1072 cuore
1215 1027 1277 1071 κε’
1301 1023 1393 1082 vasi
1409 1023 1640 1085 sanguigni
1668 1040 1806 1070 nuove
1834 1021 2117 1084 offirvazioni
2147 1023 2356 1073 Modena

309 1099 446 1151 1768.
478 1091 556 1145 8.*
590 1091 910 1150 Experimenta
938 1090 992 1136 de
1022 1101 1152 1135 motu
1176 1088 1408 1149 sanguinis
1434 1089 1483 1133 in
1507 1086 1783 1133 salamandra
1808 1089 2014 1147 aquatica
2032 1087 2141 1135 fecit
2160 1091 2231 1135 vir
2251 1090 2320 1136 Cl.
2340 1123 2354 1142 ‚

304 1154 602 1215 microscopio
631 1154 831 1214 adjutus.
899 1155 1113 1213 Pleraque
1135 1152 1394 1198 nostrorum
1420 1150 1593 1197 fimilia.
1661 1152 1753 1197 Cor
1777 1154 2062 1199 contradtum
2079 1153 2356 1199 decurtatur,

302 1221 390 1268 Pro
421 1236 535 1280 aqua
565 1218 812 1278 pericardii.
883 1217 1015 1264 Ordo
1038 1219 1088 1263 in
1119 1217 1316 1276 partium
1342 1215 1489 1261 cordis
1506 1215 1756 1275 repletione
1784 1215 2099 1262 &inanitione
2128 1219 2208 1263 &c.
2268 1214 2357 1263 Os-

304 1284 500 1336 cillatio,
538 1281 769 1343 sanguinis
795 1281 1014 1340 stagnatio
1036 1315 1048 1334 ,
1085 1279 1363 1326 resuscitatio
1390 1290 1567 1331 metm,
1608 1280 1868 1325 acceleratio
1891 1280 1941 1325 in
1969 1280 2215 1340 angustatis
2242 1293 2359 1326 arte-

302 1348 413 1400 riis,
448 1345 692 1393 retardatio
734 1348 783 1391 in
815 1346 1045 1391 dilatatis:
1096 1346 1252 1390 nullus
1286 1343 1537 1389 flexionum
1570 1345 1611 1389 ἃ
1648 1344 1921 1402 angulorum
1954 1342 2224 1402 conspicuus
2251 1340 2360 1390 effe-

308 1414 405 1457 ‹stus
433 1428 444 1456 :
481 1410 596 1457 nulli
622 1411 841 1456 vortices:
879 1409 1021 1456 flavus
1046 1410 1171 1454 color
1195 1408 1486 1468 globulorum
1508 1408 1563 1452 in
1584 1406 1775 1452 rubrum
1801 1406 2118 1453 convalescens
2137 1426 2150 1460 3
2199 1408 2358 1454 circui-

303 1486 380 1524 tus
406 1475 459 1520 ab
486 1475 660 1521 arteriis
691 1475 740 1523 in
768 1489 905 1519 venas
938 1489 1014 1532 per
1039 1470 1141 1518 vasa
1182 1472 1346 1524 unius,
1396 1471 1469 1516 vel
1513 1472 1555 1516 &
1581 1471 1780 1530 plurium
1815 1471 2103 1530 globulorum
2129 1489 2139 1516 :
2195 1472 2359 1518 Cordis

302 1536 442 1584 solius
466 1538 516 1583 in
537 1535 800 1598 sanguinem
835 1537 1102 1596 imperium,
1139 1534 1372 1596 sanguinis
1391 1535 1517 1594 quies
1540 1551 1566 1580 a
1586 1535 1773 1580 vinculo
1796 1535 1963 1593 injecto
1979 1568 1992 1588 ‚
2028 1534 2199 1596 globuli
2222 1535 2362 1581 aerei.

302 1601 359 1648 111
388 1617 496 1647 rana
526 1602 734 1661 globulos
761 1600 986 1647 rotundos
1014 1599 1094 1646 effe
1114 1633 1126 1653 ‚
1163 1601 1212 1645 in
1241 1597 1518 1645 salamandra
1554 1598 1688 1644 etiam
1722 1598 1962 1658 oblongos.
2053 1601 2196 1645 Semel
2223 1610 2357 1659 putat

300 1663 347 1711 st
367 1663 528 1714 vidiffe,
546 1665 773 1725 longiores
798 1663 954 1711 fadtos.
1024 1664 1168 1712 Semel
1193 1664 1402 1724 exiguam
1426 1677 1588 1708 venam
1612 1662 1662 1707 in
1688 1678 1895 1722 magnam
1922 1659 2057 1708 inseri
2083 1665 2193 1709 &c..-

433 1746 511 1806 EJ.
547 1745 785 1793 Prodromo
815 1745 860 1792 di
886 1763 944 1792 un
974 1758 1101 1807 opera
1125 1744 1181 1790 da
1210 1742 1464 1805 imprimerfi
1477 1743 1611 1804 sopra
1641 1743 1680 1789 le
1705 1743 2008 1804 rzfiroduzione
2038 1744 2216 1790 animali
2249 1745 2353 1792 Mo-

304 1809 421 1859 dsena
454 1816 589 1868 1768.
621 1815 691 1863 8.’“ι
731 1813 772 1856 &
795 1810 968 1856 Gallice
993 1820 1196 1855 vertente
1220 1811 1264 1854 B.
1292 1808 1404 1853 dela
1425 1808 1694 1853 SABLONNE
1735 1809 1908 1855 Genev.
1944 1812 2076 1864 1768.
2108 1807 2184 1861 8.*
2255 1810 2353 1854 Bre-

303 1875 374 1920 vis
399 1875 622 1927 narrati0‚
661 1874 714 1920 de
741 1875 1059 1934 experimentis
1080 1871 1230 1924 factis,
1263 1872 1311 1917 in
1334 1871 1567 1917 lumbricis
1598 1871 1794 1930 primum
1823 1870 2120 1918 terrestribus.
2202 1872 2353 1931 Caput

304 1952 474 1984 novam
505 1938 691 1983 caudam
732 1938 942 1985 resecftam
982 1948 1169 1997 reparat.
1255 1936 1378 1995 Saepe
1407 1937 1448 1980 &
1477 1946 1611 1994 caput
1640 1932 1913 1987 renascitur,
1948 1935 2055 1981 dum
2084 1951 2179 1980 non
2214 1937 2361 1982 nimis-

305 2002 476 2048 multos
503 2002 663 2047 anulos
690 2000 945 2048 resecueris.
1013 2003 1176 2060 Neque
1200 2000 1269 2046 vis
1291 2001 1537 2058 reparatrix
1558 1999 1764 2044 animalis
1789 2015 1881 2044 una
1907 1998 2251 2044 detruncatione
2277 2016 2351 2045 ex-

307 2063 542 2117 hauritur,
581 2067 621 2111 &
649 2065 702 2110 ad
723 2078 927 2125 quartam
948 2063 1089 2124 usque
1124 2064 1267 2110 vicem
1298 2060 1472 2108 resediae
1507 2073 1653 2121 partes
1687 2060 2000 2108 renaseuntur.
2067 2063 2123 2107 In
2142 2063 2230 2107 alio
2252 2079 2354 2108 ver-

307 2145 381 2175 me
410 2128 618 2188 aquatico
642 2131 862 2188 reparatio
887 2129 1021 2175 etiam
1047 2126 1220 2174 facilior
1242 2126 1315 2172 est.
1385 2126 1653 2172 Girinorum
1678 2127 1818 2172 cauda
1843 2136 2076 2185 reparatur
2094 2159 2106 2178 ,
2141 2127 2182 2171 &
2205 2126 2349 2172 incre-

303 2208 511 2239 mentum
549 2193 691 2237 oculis
730 2192 870 2252 potest
911 2191 1150 2252 usurpari:
1206 2190 1260 2236 ad
1297 2202 1502 2250 quartam
1542 2187 1682 2248 usque
1719 2192 1863 2235 vicem
1898 2189 2039 2234 cauda
2068 2188 2199 2235 redit.
2294 2190 2350 2236 In

304 2267 449 2304 matre
470 2256 562 2316 jam
588 2255 759 2315 girinos
786 2257 901 2302 vidit
932 2258 1001 2302 vir
1031 2257 1099 2301 Cl.
1123 2267 1227 2300 ante
1252 2253 1617 2299 fecundationem
1634 2286 1645 2305 ,
1683 2265 1736 2299 ut
1756 2251 1920 2298 neceffe
1943 2251 2018 2305 fit,
2057 2269 2230 2298 novum
2254 2255 2351 2299 ani-

302 2321 393 2364 mal
421 2319 574 2364 matris
603 2330 770 2377 partem
795 2319 889 2365 effe.
958 2321 1013 2365 In
1042 2318 1237 2364 terrestri
1264 2319 1420 2363 limace
1453 2329 1588 2376 caput
1625 2332 1728 2361 cum
1753 2317 1922 2368 oculis,
1963 2317 2145 2361 cerebro
2180 2318 2219 2362 &
2253 2333 2350 2362 cor-⁸

299 2382 457 2431 nubus
485 2380 762 2429 renascitur:
810 2384 860 2428 in
887 2383 1094 2445 aquatica
1118 2384 1279 2428 lacerta
1302 2383 1436 2428 etiam
1458 2380 1591 2441 pedes
1610 2414 1622 2433 ‚
1672 2381 1713 2427 &
1742 2393 1925 2426 centum
1950 2385 2140 2426 omnino
2169 2378 2271 2434 offa,
2306 2382 2350 2427 δε

300 2444 406 2507 ipsae
434 2447 653 2495 maxillae„

432 2529 504 2588 EJ2
542 2531 749 2573 Memorie
767 2527 898 2588 sopra
925 2530 940 2572 i
963 2527 1070 2572 muli
1094 2527 1141 2572 di
1159 2530 1277 2573 varii
1305 2529 1452 2573 autori
1486 2524 1686 2572 Modena
1716 2531 1848 2583 1768.
1880 2525 1955 2579 8.*
2019 2525 2252 2571 ΒΟΝΝΕΤΙ
2291 2523 2363 2569 de'

301 2590 500 2654 Jumaris
523 2591 718 2652 epistola.
789 2591 1039 2636 Cardinalis
1064 2592 1163 2636 DES
1188 2593 1382 2637 LANCES
1417 2591 1616 2643 curavit,
1651 2602 1704 2635 ut
1734 2590 1959 2649 ejusmodi
1991 2589 2199 2634 animalia
2234 2588 2344 2633 inci·
2403 2590 2405 2593 ⁴

304 2656 521 2701 derentur
549 2673 560 2706 3
609 2657 719 2700 meri
750 2653 854 2700 sunt
882 2655 1008 2706 muli,
1038 2656 1077 2699 ἃ
1106 2654 1218 2699 nihil
1251 2654 1423 2699 habent
1447 2670 1472 2699 a
1498 2653 1628 2698 bove.
1696 2653 1951 2713 Papiliones
1983 2668 2123 2697 mares
2152 2648 2345 2697 feminas

301 2719 353 2768 in
382 2718 535 2764 cistula
557 2717 749 2765 inclusas
772 2719 886 2764 inire
905 2716 1130 2762 festinant.
1201 2718 1603 2763 HEBENSTRErsn
1638 2718 1691 2762 de
1726 2719 1954 2762 mulorum
1992 2713 2157 2759 fabrica
2184 2714 2343 2772 episto-

305 2783 382 2834 la,r
411 2794 508 2827 tum
545 2783 747 2828 KLE¹N11
787 2783 827 2828 ἃ
865 2783 1202 2827 SPALANZANI.
1296 2782 1504 2826 Omnino
1541 2781 1809 2825 animalcula
1838 2777 2095 2837 spermatica
2127 2793 2228 2821 vera
2261 2776 2343 2822 eise

304 2845 527 2899 animalia,
557 2847 593 2891 81
624 2845 813 2893 crelcere
838 2861 985 2910 neque
1013 2844 1174 2894 minui.
1241 2845 1353 2892 Non
1374 2845 1532 2891 omnia
1557 2860 1611 2890 ex
1636 2842 1827 2905 hybride
1851 2857 2014 2889 venere
2043 2853 2148 2887 nata
2173 2844 2344 2887 anima-
2384 2856 2398 2860 ¹

300 2907 375 2958 liar
387 2908 547 2959 sterilia
577 2908 685 2959 effe„

2188 3000 2340 3049 Edidit

1125 3137 1146 3156 *1⁴
1126 3078 1147 3119 stes
