2531 3394
292 126 388 188 ’με
682 125 814 174 rm.
861 123 956 172 ιχ.
1020 115 1446 172 ANAroMES
1490 115 1940 194 marem-10.

298 252 516 303 vocandis
539 252 596 301 iis
615 287 629 308 ,
663 270 765 315 quae
785 253 840 301 de
865 253 1066 315 partibus
1086 249 1287 311 corporis
1310 246 1502 297 humani
1523 245 1655 296 sensu
1677 249 1933 298 carentibus
1959 247 2196 313 scripserit.
2259 251 2346 299 Ni-

214 326 249 341 *
299 317 369 367 hil
399 317 456 364 ad
486 317 725 365 tendinum
754 316 931 365 sensum
963 315 1107 363 facere
1140 331 1328 368 nervos,
1377 314 1457 373 qui
1492 309 1759 360 subcutanei
1786 323 1909 360 trans
1939 314 2238 374 aponevrofin
2272 316 2348 363 de-

302 394 509 429 currunt.
595 382 839 429 ALBINUM
869 396 1057 441 negare,
1091 381 1142 426 in
1177 378 1291 425 dura
1327 377 1539 437 meninge
1572 374 1617 423 se
1649 392 1842 422 nervum
1868 377 2090 436 reperisse.
2178 380 2348 429 MOL1-

300 459 514 495 narrum
552 444 624 492 bis
653 446 860 492 tendines
890 442 1114 490 humanos
1149 444 1294 489 cultro
1330 439 1536 493 divisisse,
1602 441 1898 494 Anni-zeum,
1942 442 2003 486 H.
2030 442 2345 497 Fannio-mm,

300 504 677 559 MOLINETTUM
693 509 746 555 de
771 510 903 555 variis
928 507 1131 567 partibus
1156 503 1442 552 insensilibus
1463 503 1623 551 similia
1646 505 2115 552 HALLERIANORUM
2136 505 2348 554 docuiffe.

301 573 756 622 BARTHOLOMAEUM
785 574 1050 618 RIVIERAM
1072 573 1122 616 in
1139 568 1344 615 hominis
1368 567 1481 614 dura
1501 569 1713 629 meninge
1736 568 1915 614 nullum
1935 565 2113 615 sensum
2128 568 2346 629 reperisse.

427 656 484 702 In
503 659 660 702 Diario
688 658 838 702 Veneto
857 652 924 698 Cl.
944 653 1214 699 ORTESCHI
1240 647 1395 710 paffim
1428 650 1578 710 aliqua
1597 649 1734 696 habet
1760 647 2058 710 phyfiologici
2078 651 2348 711 argumenti.
2394 688 2404 691 -

434 737 489 783 In
525 735 710 797 Epistolis
738 734 798 780 ad
831 750 895 779 me
931 732 1046 779 datis
1071 734 1126 784 T,
1142 733 1223 778 IV.
1253 732 1410 777 multa.
1480 731 1882 790 Experimentum‚
1919 747 1974 777 ex
2001 747 2092 790 quo
2117 731 2273 791 aliqua,
2297 732 2351 778 de

301 798 434 847 sensu
460 800 583 847 durae
618 798 887 844 membranae
915 794 1106 856 suspicio
1134 793 1344 842 nascitur.
1432 795 1679 841 LAGHIUM
1717 793 1861 855 ligaffe
1891 794 2126 842 tendinem
2149 796 2316 843 rudum
2333 829 2348 850 ‚

301 865 481 911 nullum
507 860 658 909 sensus
683 859 859 922 signum
887 857 1144 920 apparuisse.
1213 861 1282 905 De
1311 858 1359 905 vi
1382 857 1528 904 cordis
1549 857 1771 904 irritabili.

435 945 489 991 In
516 945 571 991 T.
600 944 656 989 V.
699 943 769 989 De
795 941 1067 1003 aquaeductu
1092 940 1308 1001 Fallopii,
1346 940 1399 986 de
1425 933 1531 986 aure
1554 939 1749 986 interna.
1814 940 1871 986 In
1897 940 2020 987 ranis
2046 940 2351 1001 experimenta

300 1005 416 1055 faeta
456 1008 598 1067 capite
629 1005 811 1053 reseeto.

429 1089 484 1135 T.
506 1089 584 1134 vl.
625 1087 799 1134 Arteria
823 1086 986 1133 renalis
1016 1093 1179 1133 venam
1200 1083 1329 1132 suam
1353 1083 1603 1145 perforans.
1672 1085 1900 1144 Aquulam
1916 1084 2178 1146 labyrintho
2200 1097 2352 1146 pertu-

302 1150 352 1199 so
383 1150 612 1198 effluxisse.
694 1151 847 1197 Lobus
877 1149 1052 1209 hepatis
1089 1149 1521 1209 supernumerarius.
1592 1149 1662 1195 Os
1691 1146 1864 1209 insigne
1888 1150 1937 1194 in
1959 1149 2069 1196 dura
2094 1151 2352 1206 membrana

302 1218 431 1326 gullo
461 1232 564 1262 cum
589 1216 685 1276 ejus
710 1212 856 1260 sensu.
923 1215 1033 1260 Duo
1056 1226 1252 1261 ureteres
1282 1211 1407 1273 septo
1431 1210 1559 1259 divisi
1577 1245 1590 1265 ,
1629 1225 1782 1267 tamen
1802 1224 1856 1259 ut
1881 1211 2014 1274 supra
2037 1212 2228 1261 veficam
2246 1230 2353 1260 con-

317 1291 510 1326 -uerent.

434 1361 490 1407 In
510 1359 788 1422 pathologicis
819 1334 1141 1420 institutionibus
1174 1357 1353 1405 Padova
1376 1368 1511 1414 1772.
1540 1354 1618 1411 8.*
1654 1363 1790 1416 1776.
1823 1357 1895 1411 83*
1943 1358 2037 1418 agit
2065 1358 2119 1404 de
2157 1357 2272 1406 fibra
2309 1359 2353 1405 δε

307 1423 361 1471 de
388 1426 570 1478 lamina,
595 1422 784 1470 humani
807 1425 1007 1484 corporis
1032 1423 1279 1470 elementis.
1349 1420 1578 1469 Globulos
1602 1418 1872 1482 sanguineos
1893 1437 2182 1483 nequaquam
2201 1423 2253 1469 in
2272 1422 2354 1468 mi-

305 1504 439 1535 nores
461 1489 671 1550 globulos
698 1486 914 1535 secedere.

916 1616 963 1675 ς.
1001 1617 1227 1667 MCLX.
1296 1620 1459 1664 Diarz'a
1480 1619 1585 1663 anni
1609 1626 1745 1675 1757.

431 1717 488 1764 In
515 1715 666 1776 Philos.
702 1715 855 1776 Trans.
878 1717 933 1763 T.
958 1728 1029 1774 50.
1057 1716 1104 1762 P.
1126 1728 1166 1761 Ι.
1194 1715 1489 1761 continentur
1512 1710 1727 1773 opuscula
1752 1679 1868 1760 anni·
1890 1724 2027 1773 1757.

432 1797 643 1853 Johannes
656 1799 969 1847 Roman-mon
995 1796 1174 1856 pondus
1196 1796 1406 1842 vivorum
1422 1793 1662 1841 hominum
1690 1810 1768 1854 per
1791 1794 2112 1842 demerfionem
2128 1794 2178 1841 in
2193 1811 2355 1855 aquam

309 1861 497 1909 definire
529 1862 749 1923 adgreffus
776 1861 850 1907 est.
944 1863 1121 1921 Aquam
1154 1860 1316 1920 partim
1345 1875 1471 1919 aeque
1499 1874 1679 1919 gravem
1709 1856 1804 1912 effe,
1839 1876 1974 1919 quam
2005 1867 2169 1920 corpus
2197 1858 2356 1906 huma-

306 1941 419 1972 num
440 1960 452 1980 ,
492 1929 651 1986 partim
685 1926 952 1986 graviorem.

432 2007 681 2053 Alexander
704 2008 927 2054 GARDEN
959 2005 1013 2051 ab
1036 2005 1237 2065 opuntiae
1259 2003 1342 2051 usu
1367 2005 1502 2050 etiam
1534 2005 1600 2051 lac
1619 2003 1736 2065 tingi
1758 2005 1799 2050 ἃ
1824 2003 1878 2049 ab
1902 2003 2071 2050 indico.

439 2090 545 2148 Just.
566 2086 663 2141 Joh.
686 2089 898 2137 TORKOS
929 2087 982 2133 de
1013 2088 1171 2146 puellis
1207 2087 1437 2146 Hungaris
1475 2086 1682 2132 connatis
1711 2101 1812 2145 quae
1847 2084 2150 2131 adoleverant.
2219 2084 2356 2132 Vide-

309 2149 476 2197 bantur
504 2151 685 2197 natibus
713 2162 916 2197 connatae
935 2185 947 2203 ‚
984 2166 1225 2197 commune
1250 2162 1402 2196 tamen
1424 2148 1650 2196 habebant
1672 2148 1952 2209 pudendum,
1983 2151 2154 2194 rectum
2183 2148 2354 2195 intesti-

308 2229 423 2259 num
450 2215 653 2267 unicum,
681 2214 887 2261 urethras
911 2214 1048 2266 duas,
1084 2215 1341 2260 voluntates
1368 2213 1618 2266 distinctas,
1655 2212 1789 2259 corda
1812 2227 1887 2271 per
1911 2213 2117 2257 arteriam
2139 2225 2350 2259 connata.

440 2295 495 2340 In
522 2296 628 2354 Hist.
659 2295 709 2340 de
730 2295 898 2341 l'Acad.
930 2295 1000 2341 des
1021 2299 1204 2343 Sciences
1231 2307 1365 2352 1757.
1402 2294 1615 2340 Celeritas
1636 2308 1856 2354 equorum
1876 2292 2140 2339 Italicorum
2163 2291 2353 2348 summa,

315 2369 388 2417 37.
411 2357 576 2419 pedum
598 2356 852 2404 inminuto
878 2357 1075 2405 secundo
1099 2376 1110 2404 ε
1147 2359 1252 2418 equi
1272 2358 1450 2418 Anglici
1475 2357 1529 2403 ad
1563 2358 1661 2417 822³„

438 2439 594 2499 Vapor
623 2438 956 2485 inflammabilis
986 2456 1041 2485 ex
1065 2441 1226 2486 cloaca.

439 2518 647 2640 {yir'npOst
674 2530 748 2578 25.
779 2519 981 2573 minuta,
1018 2521 1182 2580 quibus
1210 2519 1290 2567 sub
1309 2537 1426 2581 aqua
1452 2517 1621 2567 mersus
1647 2517 1810 2573 fuerat,
1838 2517 1954 2565 fumi
1981 2518 2177 2566 tabaeini
2200 2517 2353 2578 clyste-

311 2599 360 2631 re
388 2598 436 2630 re
459 2598 529 2628 oei
566 2593 682 2629 atus.
2181 2606 2186 2610 .

440 2665 496 2711 In
520 2669 640 2711 Nov.
669 2663 764 2709 Λὲἴ.
790 2667 906 2714 Nat,
933 2666 1032 2710 Cur.
1064 2663 1153 2711 Vol.
1175 2665 1211 2711 I.
1253 2664 1334 2724 obs
1358 2671 1431 2722 56.
1484 2662 1709 2726 Chrzstoph.
1745 2662 1916 2714 wider,
1948 2663 2098 2709 KUHN
2148 2659 2202 2706 de
2240 2661 2355 2708 mira

312 2728 471 2788 puellae
502 2728 781 2787 corpulentia
809 2727 971 2785 aliqua.

445 2808 536 2868 Ohfi
554 2819 628 2866 94.
673 2805 837 2854 Frider.
865 2809 1008 2853 Simon
1026 2807 1425 2854 MORGENSTERN,
1456 2808 1508 2853 de
1535 2805 1620 2853 seri
1647 2824 1702 2853 ex
1726 2806 1943 2854 umbilico
1971 2804 2287 2851 destillatione.

440 2891 496 2936 In
522 2892 750 2935 Me'moires
777 2887 828 2935 de
865 2887 1123 2934 l’Academie
1146 2888 1306 2946 Royale
1332 2888 1382 2932 de
1412 2887 1629 2948 Chirurgie
1655 2889 1710 2933 T.
1728 2888 1807 2940 HI.
1854 2885 1972 2931 Paris
2001 2897 2133 2942 1757..
2158 2887 2232 2943 4.*
2274 2885 2354 2932 ali.

314 2969 402 3014 qua
427 2951 516 2998 huc
543 2951 730 2998 faciunt.
801 2953 1116 3000 GUATTANUS
1139 2952 1256 3000 redte
1283 2962 1464 3005 monet,
1499 2943 1792 3012 oesophaguni
1821 2948 1933 3011 poni
1953 2948 2009 2996 ad
2040 2950 2158 2998 latus
2190 2947 2353 3011 asperae

314 3016 485 3065 arteriae
506 3014 745 3064 sinistrum.
2296 3012 2356 3058 In
