2531 3394
833 114 884 174 §-
927 123 1060 176 1083.
1097 124 1234 178 1084.
1295 115 1348 166 'v
1379 118 1418 166 A
1451 117 1493 166 R
1526 118 1617 167 11.
1691 195 1695 197 V
2067 110 2077 115 “’
2157 135 2249 187 415

197 248 387 310 parietes
412 245 621 295 vasorum
649 244 834 295 suorum
862 249 1000 296 unico
1026 248 1214 310 globulo
1232 248 1509 308 perviorum.
1577 249 1639 296 E'a
1661 247 1764 297 vasa
1789 263 1918 311 putat
1942 272 1964 301 a
1989 255 2154 319 frigore
2176 275 2250 306 ex-

197 325 328 360 terno
355 310 588 365 contrahi,
626 324 782 358 contra
808 313 1018 373 globulos
1044 312 1214 372 premi,
1252 312 1314 359 ita
1337 311 1594 359 frictionem
1629 314 1740 360 oriri
1778 318 1820 362 &
1848 320 2055 366 calorem.
2136 325 2250 369 Non

195 376 336 429 alibi,
372 374 517 422 nisiin
531 375 735 436 partibus
763 378 875 422 aeris
898 375 1076 422 externi
1102 376 1243 422 tactui
1264 375 1493 436 expolitis,
1525 378 1720 424 calorem
1746 380 1879 434 oriri,
1925 398 2028 428 nam
2056 386 2250 432 calorem

194 439 449 486 humanum
480 449 555 495 98,
582 440 748 502 gradus
770 441 926 487 FAHR.
952 455 1189 500 nunquam
1216 437 1438 500 superare.
1508 441 1564 487 In
1590 443 1808 502 pulmone
1833 442 2098 505 sanguinem
2123 448 2250 495 refri-

195 504 366 565 gerari,
405 506 487 551 Sec.

319 587 493 633 Gallice
523 584 633 649 Effai
645 585 727 646 fiir
753 586 796 633 la
812 588 1063 648 generation
1092 584 1145 632 de
1161 585 1206 632 la
1231 583 1404 633 chale-ur
1438 586 1561 634 Paris
1588 600 1722 647 1755.
1752 599 1822 636 12.
1866 594 2002 647 1760.
2037 602 2107 639 12.

320 673 468 723 James
491 669 751 716 HODGSON
765 701 778 720 ‚
815 665 1144 720 mathematici,
1179 665 1249 713 the
1276 669 1536 715 calculation
1560 670 1837 731 ofannuities
1856 684 1967 734 upon
1988 673 2093 719 lives
2119 673 2252 722 dedu-

194 731 271 779 ced
285 732 409 794 from
435 731 503 779 the
532 731 709 778 London
730 730 820 776 bills
843 731 896 791 of
911 731 1131 791 mortality
1166 733 1362 778 London
1389 744 1522 791 1747.
1553 740 1595 787 8.

333 814 497 862 Camilli
528 810 878 867 BARBIELUNI,
916 812 1080 858 medici
1099 812 1313 867 Romani,
1351 812 1443 859 diff.
1457 814 1576 877 flfico
1600 821 1842 865 anatomia-a
1850 818 1986 880 sopra
2005 817 2252 878 l’esclusione

194 877 262 923 de'
279 877 487 938 fermenti
501 875 742 937 stomachici
767 875 826 932 ἐξ
847 877 947 922 delle
966 876 1165 938 glandole
1190 878 1297 923 nella
1320 878 1467 937 villosa
1503 880 1636 925 Rom.
1662 887 1797 940 17'47.
1825 883 1933 930 12.*
1998 884 2112 930 Non
2137 886 2249 931 bene

195 957 301 988 cum
327 941 551 987 fermento
577 940 848 986 stomachico
873 941 1008 986 etiam
1031 940 1268 1000 glandulas
1291 943 1535 988 ventriculi
1559 945 1720 1004 rejicit.

331 1026 381 1071 G.
406 1023 584 1082 Battista
607 1023 845 1068 Soamam
869 1021 1025 1067 lettera
1053 1021 1099 1067 al
1124 1021 1344 1069 RAmEm
1369 1025 1723 1072 BUONAPARTE
1751 1025 1858 1072 della
1884 1039 2046 1076 nafura
2071 1030 2135 1077 de'
2166 1047 2252 1078 mo-

183 1088 270 1149 stri
298 1087 446 1134 Lucca
468 1098 602 1143 1747.
628 1091 669 1138 8.
739 1086 853 1131 Non
876 1086 994 1145 legi:
1031 1084 1261 1132 occasione
1284 1085 1500 1148 scriptum
1526 1089 1716 1135 monstri
1738 1090 1805 1136 ibi
1830 1092 1939 1138 nati.

328 1165 567 1217 Gioachimo
594 1167 762 1213 POETA
790 1165 861 1213 che
897 1167 941 1212 la
979 1178 1141 1213 natura
1173 1169 1256 1214 nell
1274 1173 1615 1231 ingeneramento
1639 1171 1702 1217 de’
1730 1174 1892 1233 mcfiri‚
1941 1191 2025 1221 non
2055 1174 2114 1231 lz‘a
2138 1188 2250 1224 atto-

191 1236 289 1279 nita
315 1250 367 1278 ne
393 1230 610 1290 disadatta
646 1231 818 1290 Napoli
839 1242 974 1289 1747.
1001 1243 1046 1289 4.
1085 1244 1219 1290 17ς1.
1239 1245 1284 1291 4.
1354 1235 1465 1280 Non
1490 1235 1585 1281 dari
1609 1236 1823 1283 monstra.
1889 1238 2001 1285 Non
2019 1257 2101 1301 pro
2121 1257 2251 1288 mon-

192 1295 283 1343 stro
307 1294 570 1342 habendum
592 1292 752 1349 fetum,
782 1295 856 1341 cui
884 1296 1032 1355 aliqua
1058 1298 1260 1356 corporis
1284 1314 1384 1358 pars
1413 1299 1630 1346 abundet.

318 1380 461 1425 Simon
476 1378 758 1423 BALLERINI
775 1381 937 1439 origine
957 1377 1040 1423 dell
1060 1377 1132 1437 uso
1156 1378 1203 1423 di
1215 1379 1414 1439 salutare
1438 1380 1607 1440 qnando
1621 1380 1866 1442 fisternuta
1893 1384 2027 1431 Rom.
2052 1397 2184 1446 1747.
2201 1399 2247 1446 4.

325 1459 522 1521 Franocoi's
546 1459 724 1505 Nicolros
746 1460 1009 1514 MARQUET
1033 1460 1220 1506 nouvelle
1245 1465 1432 1507 mamere
1442 1461 1576 1521 facile
1597 1461 1655 1519 ἐξ
1673 1463 1859 1523 curiense
1872 1478 1987 1526 pour
2011 1468 2251 1529 apprendre

182 1538 274 1588 par
299 1523 356 1570 les
379 1535 497 1571 notes
515 1524 569 1569 de
589 1522 771 1583 mufiqzce
789 1525 814 1567 ἁ
841 1527 1056 1570 commitre
1081 1524 1116 1569 le
1126 1525 1250 1585 pouls
1275 1525 1327 1571 de
1345 1524 1535 1572 l’laomme
1550 1561 1561 1579 ,
1602 1526 1660 1583 &j
1675 1528 1732 1573 les
1749 1528 1946 1588 dfferens
1961 1528 2246 1593 clmngemens,

189 1592 266 1649 qui
290 1588 352 1634 lui
375 1592 577 1634 urrivent
603 1587 744 1648 depuis
755 1586 808 1645 sa
834 1585 1041 1649 naiffimce
1061 1589 1227 1648 jusques
1257 1592 1282 1635 (l
1297 1589 1350 1648 fir
1375 1602 1489 1636 mort
1520 1593 1686 1651 Nancy
1707 1605 1841 1651 1747.
1863 1596 1942 1651 4*
1967 1594 2089 1641 Paris
2112 1605 2246 1654 1769.

194 1654 298 1699 12.*‘
341 1650 500 1698 Pulsus
528 1649 792 1697 numerosos
819 1651 1079 1712 distinguit,
1118 1653 1236 1699 inter
1260 1670 1336 1700 eos
1363 1655 1498 1700 etiam
1526 1654 1847 1714 superficialem
1885 1660 1926 1703 ἃ
1950 1657 2246 1717 prosundum.

190 1714 463 1776 Eclipsatum
488 1715 597 1761 dicit
613 1715 662 1759 in
676 1716 985 1762 urinatoribus
1010 1715 1052 1762 se
1072 1716 1312 1771 adnotasse,
1345 1730 1503 1763 natum
1520 1719 1573 1764 ab
1589 1727 1687 1765 aere
1703 1721 1750 1765 in
1769 1719 2033 1781 sanguinem
2051 1738 2247 1785 recepte.

188 1781 435 1826 Dierotum
460 1780 513 1825 ad
536 1777 775 1839 syncopem
807 1781 847 1825 &
868 1793 1058 1826 mortem
1084 1781 1260 1828 ducere.
1328 1783 1585 1828 Numerum
1613 1782 1826 1843 pulsuum
1855 1784 2010 1831 senum
2049 1798 2150 1842 30„
2187 1788 2249 1835 fe-

190 1843 441 1890 brientium
474 1856 579 1901 300.
612 1841 733 1889 facit.
801 1844 890 1889 Eos
919 1845 1132 1904 exprimit
1157 1846 1281 1892 notis
1308 1844 1512 1899 musicis,
1551 1863 1795 1908 earumque
1817 1849 2085 1897 intervallis.

318 1927 374 1972 In
385 1943 498 1972 nova
513 1925 696 1971 editione
709 1924 872 1985 aliquae
885 1924 1023 1987 hujus
1037 1927 1122 1972 viri
1135 1927 1456 1974 adnotationes
1469 1930 1774 1988 reperiuntur,
1803 1942 1856 1977 ut
1872 1932 2016 1978 urinae
2031 1934 2246 1982 vomitus.

319 2008 387 2054 M.
409 2008 471 2053 O.
512 2006 591 2053 cler
625 2007 885 2068 allerneueste
912 2008 1004 2054 und
1035 2006 1235 2070 leichteste
1269 2015 1375 2071 Weg
1402 2027 1486 2059 zur
1519 2014 1750 2057 Anatomie
1798 2013 1982 2074 Leipzig
2003 2027 2137 2074 1747.
2171 2015 2258 2070 8.*x

189 2071 344 2118 Brevis
371 2072 515 2117 culter
536 2072 834 2117 anatomicus.
904 2071 1103 2118 Musculi
1135 2089 1189 2118 ex
1219 2075 1594 2128 BARTHOLINO‚
1627 2075 1931 2126 VESL1NG10.
2000 2080 2112 2124 Non
2134 2080 2249 2126 bene

193 2138 349 2182 auctor
362 2136 580 2195 queritur,
599 2136 775 2181 nullum
791 2134 945 2182 haberi
958 2136 1139 2190 librum,
1159 2154 1251 2197 quo
1267 2138 1678 2186 administrationes
1695 2142 1960 2187 anatomica:
1983 2142 2249 2190 doceantur.

323 2214 533 2277 Christoph
553 2214 743 2262 Henrich
769 2217 894 2264 ΚΕΗ.
917 2217 1219 2278 anatomisches
1243 2219 1575 2266 Hanclbiichlein
1614 2222 1795 2283 Leipzig
1812 2235 1944 2281 1747.
1978 2222 2054 2277 8.*
2088 2226 2250 2271 Multa:

188 2279 415 2391 {gliffipllli‘es
437 2279 575 2342 hujus
603 2281 707 2327 libri
730 2278 863 2336 sunt,
895 2283 1030 2329 etiarn
1054 2284 1359 2344 antiquiores,
1405 2297 1459 2331 ut
1491 2286 1601 2331 anni
1631 2292 1766 2344 1736.
1796 2288 1839 2333 ἃ
1877 2300 2011 2347 1740.
2080 2289 2166 2335 Pro
2196 2290 2251 2336 tie

313 2427 389 2487 EJ.
423 2429 604 2474 Lexicon
629 2427 819 2475 medico·
827 2425 1041 2489 physicum
1064 2427 1157 2485 &a
1185 2428 1298 2477 versi
1324 2447 1349 2476 a
1378 2431 1413 2478 I.
1445 2447 1468 2477 a
1495 2431 1536 2478 S.
1575 2431 1854 2479 Amsterdam
1886 2439 2021 2492 1767.
2054 2440 2096 2487 8.

319 2511 372 2555 A.
395 2509 654 2556 MONCERA
681 2507 900 2556 Schreiben
925 2527 1010 2557 von
1036 2510 1114 2556 der
1138 2511 1540 2574 Einbildlmgslcrafl‘
1560 2511 1930 2576 derftluvangern
1958 2515 2141 2568 H'eiber,
2174 2513 2248 2575 bey

164 2597 169 2601 ·
195 2570 460 2634 Gelegenheit
488 2577 605 2619 einer
630 2572 889 2634 Mis-lgehurt
931 2587 1059 2632 1747.
1086 2581 1128 2628 8.
1167 2576 1333 2622 GRAU.
1752 2603 1757 2606 ·

323 2653 537 2713 Francisci
565 2655 749 2701 PIVATI
781 2653 999 2717 rtflffoni
1022 2655 1154 2717 sopra
1190 2657 1233 2703 la
1262 2657 1468 2705 medicina
1496 2659 1691 2705 elettrica
1736 2659 1900 2706 Vener.
1926 2672 2057 2718 1747.
2089 2658 2166 2714 8.*
2207 2661 2250 2707 Sc

192 2718 365 2779 Gallice
396 2719 520 2766 Paris
546 2731 680 2776 1750.
711 2725 753 2772 8.
822 2720 995 2765 Iterum
1040 2722 1214 2768 auctius
1247 2722 1416 2768 Venez.
1443 2736 1577 2782 1749.
1610 2735 1655 2781 4.
1725 2724 1810 2769 Pro
1838 2724 2150 2784 penetratione
2183 2726 2251 2771 vi«

193 2782 313 2827 rium
349 2783 673 2830 medicatarum
712 2783 956 2842 alvumque
992 2785 1306 2840 moventium,
1345 2803 1445 2846 quae
1478 2786 1532 2834 fit
1562 2787 1756 2833 excitato
1785 2799 1985 2834 torrente
2026 2789 2249 2836 eledhioe.

194 2843 334 2893 Varia
359 2848 456 2909 ejus
479 2848 654 2910 generis
685 2844 843 2910 paffim
870 2848 1093 2909 reperias,
1133 2865 1233 2910 quae
1254 2850 1305 2898 in
1325 2849 1520 2913 physicis
1552 2851 1766 2898 dicemus.

1821 3040 1860 3092 §.
1897 3037 2247 3086 MLXXXV.
