2531 3394
789 114 1013 175 §·‘1038·
1054 127 1190 174 1039.
1259 112 1685 164 SIEGWART.
1857 124 1888 145 ·’
2175 131 2285 198 ΞΠ,

346 214 390 277 J.
416 215 669 262 BARBENES
695 213 825 275 theses
848 215 1012 263 medicae
1034 218 1167 261 varice
1200 215 1387 273 Argent.
1406 223 1541 270 1742.
1561 208 1645 270 4.*
1710 212 1886 274 Aliquae
1907 214 2241 280 physiologicae,

343 296 418 357 EJ.
456 294 726 343 stlechanicus
741 297 965 360 sanguinis
986 301 1031 344 in
1057 309 1232 357 corpore
1258 292 1407 340 adulto
1435 293 1621 341 circulus
1651 293 1712 340 ib.
1743 305 1878 353 1742.
1913 301 1989 354 4.*
2196 309 2200 317 ’

344 381 394 432 J.
424 377 543 424 Frid.
563 379 811 427 MOSEDER
840 378 893 425 de
921 377 1102 436 vesicula
1122 376 1252 437 fellea
1285 379 1473 437 Argent.
1504 387 1637 434 1742.
1657 373 1739 435 4.*

350 461 467 518 Benj.
480 460 593 507 GLO
607 474 691 507 xlN
712 460 762 506 de
773 462 1106 506 catameniorum
1122 455 1398 518 mechanismo
1415 456 1473 514 ἓξ
1483 457 1614 517 caufis
1631 455 1780 505 Mons
1771 475 1812 518 p.
1834 469 1969 518 1742.
1982 457 2061 507 fol.
2079 473 2134 509 ut
2145 464 2260 526 lego.

345 546 393 596 J.
415 545 579 603 Jaques
599 546 727 588 Louis
753 542 923 593 Hom,
959 538 1174 601 Chirurgi
1201 538 1518 594 Divionenfis,
1555 539 1634 600 qui
1653 555 1800 601 nuper
1832 541 1977 595 obiit,
2012 546 2181 604 Qcaestio
2208 563 2265 592 an

214 605 311 653 bilis
323 610 521 652 materies
533 610 575 651 in
586 622 697 650 venae
702 616 932 666 portarum
934 604 1154 665 sanguine.
1191 602 1379 651 Praefide
1391 605 1452 651 D.
1468 605 1596 652 F1Tz
1608 605 1858 652 MAURIZE'
1879 605 2101 667 Monspel.
2127 618 2263 666 1742.

342 688 418 747 EJ.
453 686 658 745 Discours
669 684 752 743 fiir
775 685 949 732 l’utilite‘
968 686 1040 733 des
1053 684 1238 747 paffions
1251 700 1345 749 par
1372 699 1557 749 rapport
1578 689 1603 732 ἡ
1628 687 1670 733 la
1685 687 1836 746 sante',
1867 705 1969 735 avec
1990 706 2048 735 un
2076 690 2186 751 eloge
2214 689 2265 736 de

212 756 309 799 Mr.
334 752 493 798 ΡΕΤιΤ
528 749 673 809 Dijon
698 760 832 807 1752.
856 755 899 803 8.

340 833 415 893 EJ.
451 831 660 878 Nouvelle
687 829 939 892 description
960 832 1013 878 de
1030 830 1404 895 l'henmaphrodite
1426 834 1687 883 DROUART
1721 834 1865 894 Dijon
1886 840 2020 894 1761.
2042 833 2124 894 4.*
2170 832 2264 882 Effe

214 895 453 948 feminam,
489 893 650 955 glande
670 911 809 948 caeca,
839 893 914 941 scd
944 896 1158 957 nymphis
1182 897 1396 957 praedita‚
1434 899 1474 944 &
1503 895 1675 944 menses
1703 899 1811 958 pati.

337 978 409 1038 EJ.
447 979 675 1022 Me'moires
703 977 786 1035 fin·
822 976 865 1022 la
897 979 1073 1024 vitalite‘
1101 979 1174 1024 des
1208 979 1356 1040 enfans
1404 979 1525 1026 Paris
1557 986 1691 1038 1764.
1724 992 1769 1039 4.
1806 981 2024 1028 PORTAL.
2049 980 2182 1028 ‘mihi
2217 987 2261 1035 8.

210 1042 420 1102 Requirit
433 1041 488 1086 ad
502 1041 785 1093 vitalitatem,
802 1052 855 1087 ut
867 1039 970 1088 satis
984 1040 1206 1102 perfeetus
1221 1045 1261 1089 ἃ
1276 1042 1556 1104 respirationi
1572 1045 1764 1091 idoneus
1777 1043 1942 1091 thorax
1957 1043 2008 1092 sit
2030 1047 2072 1092 ἃ
2087 1047 2261 1106 pulmo.

340 1126 494 1169 Petrus
516 1123 755 1169 BERCHER
779 1123 821 1168 ἃ
844 1123 1020 1182 Dionysi
1043 1125 1302 1172 PONCHON
1339 1130 1444 1171 Non
1467 1139 1565 1187 ergo
1591 1143 1617 1172 a
1638 1127 1829 1173 valvulis
1853 1129 2144 1188 intestinorum
2166 1125 2262 1188 chy-

207 1191 266 1234 mi
283 1183 522 1249 progr-effi&
541 1185 842 1233 determinatio
877 1186 1009 1234 Paris.
1036 1200 1170 1247 1742.
1200 1191 1278 1248 4*
1309 1191 1351 1235 &
1377 1190 1426 1235 in
1445 1189 1621 1248 seleflis.

335 1269 454 1329 EJUS
485 1267 546 1314 est
575 1269 708 1315 etiam
740 1272 786 1316 E.
813 1269 866 1316 ab
888 1274 1003 1316 uteri
1035 1272 1204 1332 ejusque
1228 1270 1427 1330 vasorum
1448 1271 1800 1334 perpendiculari
1818 1271 1908 1332 fitu
1932 1275 2141 1336 menstrua
2170 1289 2262 1320 mu-

206 1333 362 1380 lierum
374 1336 582 1395 purgatio
617 1330 750 1380 Paris.
774 1345 909 1392 1749.
950 1333 1006 1380 R.
1028 1337 1281 1382 MORAND.

332 1415 408 1476 EJ.
445 1418 556 1476 Ergo
572 1415 657 1475 sua
681 1419 831 1476 cuique
854 1415 952 1462 icleae
978 1419 1022 1462 in
1050 1416 1219 1463 cerebro
1235 1416 1356 1480 fibra
1386 1416 1521 1465 Paris.
1552 1423 1684 1477 1763.
1716 1419 1772 1466 R.
1799 1419 2020 1469 COLLET.

343 1495 499 1545 Theod.
522 1497 705 1544 BARON
738 1499 779 1543 ἃ
805 1500 876 1543 Fr.
907 1501 1010 1544 Nic.
1037 1499 1280 1547 GAUTIER
1314 1505 1421 1547 Non
1447 1517 1544 1563 ergo
1569 1498 1719 1547 humor
1748 1503 2079 1564 perspirationis
2108 1504 2161 1564 est
2190 1518 2262 1551 ex-

197 1566 494 1610 crementitius
528 1559 664 1607 Paris.
686 1572 820 1620 1742.
843 1573 887 1620 4.
926 1561 1145 1609 Exhalare
1168 1562 1251 1610 sub
1272 1566 1485 1618 cuticula,
1512 1567 1553 1612 &
1577 1566 1820 1612 maximam
1837 1579 2009 1628 partem
2024 1565 2257 1615 resorberi.

330 1641 553 1691 Abraham
582 1647 651 1690 Fr.
678 1648 757 1689 Leo
779 1644 885 1690 Cot,
909 1644 961 1690 sle
982 1644 1210 1693 VJLLARS
1241 1648 1283 1694 Sc
1316 1649 1440 1696 Guill.
1469 1648 1717 1695 RUELLAN
1762 1652 1810 1696 E.
1843 1667 1870 1696 a
1900 1648 2109 1708 vorticosb
2141 1662 2259 1697 motu

196 1709 416 1771 sanguinis
438 1709 558 1754 calor
590 1706 724 1753 Paris.
751 1718 885 1765 1742.
912 1720 957 1766 4.

337 1789 440 1838 Urb,
466 1789 516 1835 de
537 1789 875 1837 VANDENESSE
908 1791 948 1836 ἃ
970 1791 1410 1845 Jac.VERDEL11AN
1443 1793 1513 1840 Aes
1538 1796 1717 1842 Mores
1751 1799 1797 1843 E.
1818 1815 1845 1841 a
1857 1795 2071 1858 globulosa
2084 1796 2257 1859 sangui-

201 1858 265 1901 nis
287 1866 417 1916 parte
447 1854 507 1900 ad
529 1865 664 1901 cutem
689 1854 933 1916 appellentis
960 1853 1216 1918 Aethiopum
1241 1857 1356 1904 color
1389 1857 1523 1905 Paris.
1546 1872 1681 1918 1742.
1713 1870 1757 1918 4.

609 1981 656 2039 §.
699 1984 1039 2033 MXXXIX.
1115 1989 1252 2049 Georg
1279 1987 1496 2036 Friderich
1527 1990 1840 2045 SmewART,

323 2080 884 2143 ProfessorTubingenfis,
922 2081 1100 2130 subtilis
1125 2083 1445 2146 Philosophus.
1532 2088 1609 2149 EJ.
1646 2091 1859 2149 Speeimen
1900 2086 2255 2151 ophthalmologiae

198 2149 319 2195 Hall.
345 2158 481 2206 1742.
509 2160 553 2206 4.
587 2148 722 2193 etiam
746 2145 838 2193 huc
862 2144 1142 2207 specstaverit.
2066 2175 2070 2178 -

326 2231 401 2290 EJ.
433 2230 740 2276 Pantoinetron
767 2228 1038 2282 eruditionis,
1070 2234 1256 2277 maxime
1276 2232 1435 2280 medice
1461 2231 1709 2298 clafrurgicae
1729 2268 1741 2288 ‚
1778 2238 1902 2281 novis
1920 2235 2148 2297 principiis
2165 2252 2254 2281 ma-

197 2291 436 2340 thematicis
455 2305 700 2355 promotum
737 2290 870 2340 Paris.
895 2305 1029 2350 1752.
1056 2293 1140 2352 4.*

326 2376 397 2437 EJ.
440 2378 524 2422 Cor
548 2379 644 2420 veri
665 2375 846 2420 nominis
872 2375 1009 2421 antlia
1030 2373 1283 2436 lwdraulica
1299 2377 1506 2441 fflffiw‘u
1539 2379 1739 2441 Tubing.
1763 2392 1897 2438 1754.
1923 2387 1967 2439 4.
2023 2381 2135 2428 Tres
2159 2382 2253 2427 vai-

196 2441 325 2488 vulas
351 2436 584 2486 arteriosas
619 2439 882 2484 arteriarum
910 2437 991 2484 effe
1013 2452 1160 2500 partes
1190 2458 1286 2488 non
1313 2444 1492 2491 cordis:
1527 2447 1714 2491 unicum
1741 2443 1917 2492 efficere
1943 2447 2147 2491 anulum.

324 2522 398 2582 EJ.
431 2520 757 2581 Antagonismm
783 2519 1004 2583 fibrarum
1047 2522 1182 2568 cordia
1211 2523 1386 2571 humani
1419 2526 1772 2586 controvezfiosus
1822 2538 1956 2585 1754.
1994 2525 2073 2584 4.*
2138 2527 2250 2573 Non

196 2584 292 2632 dari
316 2588 455 2632 redtas
479 2585 626 2630 cordis
653 2583 821 2630 fibras:
858 2600 935 2630 cor
964 2585 1012 2630 in
1042 2587 1220 2633 ad‘tione
1247 2587 1324 2636 sua
1349 2591 1530 2651 longius
1555 2589 1668 2643 fieri.

327 2668 401 2727 EJ.
445 2670 594 2727 Tripes
617 2666 970 2724 Heitersbnceifis
1004 2667 1038 2713 Ι.
1073 2682 1206 2727 1755.
1235 2676 1310 2728 4*
1347 2673 1386 2718 &
1415 2672 1475 2718 ΙΙ.
1508 2685 1642 2730 1755.
1666 2670 1747 2731 4*
1802 2673 1936 2718 Fetus
1968 2671 2142 2723 vitalis,
2175 2673 2250 2718 cui

195 2731 314 2777 inter
337 2731 608 2791 pzorandum
644 2745 798 2777 tumor
827 2747 930 2776 cum
959 2733 1093 2778 tertio
1127 2750 1254 2781 crure
1286 2736 1455 2795 pendet
1481 2751 1535 2782 ex
1567 2737 1661 2783 imo
1701 2734 1848 2781 dors0.
1920 2736 2094 2781 Contra
2120 2752 2249 2782 mon-

196 2793 282 2840 stra
309 2795 590 2855 primigenia.

321 2877 396 2936 EJ.
433 2875 560 2924 Tibia
584 2877 685 2923 callo
711 2890 917 2938 reparata
956 2880 1091 2937 1746,
1121 2878 1203 2938 4.*
1235 2881 1429 2928 ῇυὲὶοῐίς
1451 2897 1620 2927 nomen
1640 2878 1933 2939 respondenti
1953 2879 2099 2928 datur.

327 2958 403 3017 EJ.
436 2956 796 3020 Anthropotomes
823 2959 1011 3022 historico
1041 2959 1364 3024 chondrologicae
1386 2964 1620 3024 conspectus
1635 2961 1921 3023 ij'z'emcszticus
1958 2969 2095 3022 1758·
2124 2962 2207 3024 4.*

1240 3044 1340 3105 me
1372 3055 1402 3092 2
2166 3048 2240 3107 EJ.
