2531 3394
222 176 224 178 ,
300 131 393 182 272
624 104 816 167 ”MR
868 121 962 167 ιχ.
1040 95 1457 165 ANATOMES
1508 110 1952 163 PERFEcmo.

296 262 503 313 augetur,
536 252 580 299 &
601 248 657 299 fit
680 249 732 297 in
758 247 905 296 sedem
933 262 1059 294 venae
1081 242 1292 292 sectionis
1315 242 1552 296 derivatio,
1590 241 1645 289 ab
1668 242 1767 289 aliis
1792 259 1902 290 vero
1924 244 2126 306 corporis
2146 244 2259 293 vasis
2278 250 2347 293 re-'

297 309 458 363 ruffio.
522 317 636 363 Non
663 312 795 362 valde
824 312 988 374 probat
1016 325 1146 358 venae
1169 306 1445 360 sectionem3
1492 305 1726 368 sanguinis
1754 308 1805 354 in
1827 306 2015 355 homine
2043 325 2142 358 non
2167 308 2248 356 effe
2271 308 2345 357 su-

295 395 376 441 pra
404 385 479 428 16.
501 380 651 429 libras.

292 487 294 490 ·
426 461 501 522 EJ.
538 460 736 508 Medica}
755 457 939 522 prafii‘ice
975 459 1020 502 in
1056 458 1208 515 euring·
1221 453 1370 514 severs
1403 453 1599 500 London
1627 463 1759 511 1735.
1793 450 1872 506 8.*
1935 454 2221 502 Introduckio
2253 454 2346 502 huc

293 522 426 577 facit,
458 525 508 571 in
535 541 623 585 qua
648 524 769 585 figna
789 519 1061 572 considerat,
1097 519 1278 578 quaein
1307 515 1510 563 febribus
1531 516 1759 563 medicum
1794 516 1990 577 dirigant
2009 550 2021 570 ,
2057 534 2195 578 eaque
2222 517 2344 580 figna

293 586 598 648 physiologice
621 590 973 646 interpretatur,
1008 594 1063 629 ut
1095 579 1301 642 pulsum,
1343 581 1551 634 urinam,
1581 580 1636 627 de
1668 596 1755 640 qua
1787 577 1910 633 fuse,
1947 578 2342 641 perspirationem,

292 652 466 713 reliqua
493 663 788 698 excrementa.
1892 700 1898 702 ‚

420 733 494 793 EJ.
528 734 572 778 A
589 730 799 794 prufflical
830 728 1003 787 treatise
1035 743 1088 774 on
1112 726 1305 788 painfitll
1334 726 1573 786 dzstempers
1617 725 1815 772 London
1841 736 1973 782 1739.
2003 722 2084 777 8.*
2146 725 2251 772 Huc
2282 725 2347 773 fa-

295 796 451 849 ciunt,
489 812 586 855 quae
605 793 776 854 profert
803 793 856 838 de
882 791 996 838 fibra
1018 807 1180 836 nervea
1204 791 1632 843 BOERHAAVIANA‚
1665 792 1705 836 &
1725 789 1779 835 de
1804 801 1965 835 natura
1991 788 2177 842 doloris,
2209 806 2345 849 quam

289 860 424 919 ponit
445 859 494 905 in
514 857 732 918 preffione
760 857 958 917 partium
990 867 1291 901 extremarum
1322 854 1478 906 nervi,
1516 855 1558 899 &
1586 854 1637 899 in
1661 853 1963 913 adplicatione
1994 853 2107 898 acris
2142 855 2344 914 corporis

292 921 348 967 ad
373 935 598 969 extremos
624 936 872 967 nervorum
898 918 1193 965 sentientium
1218 916 1346 964 fines.

415 1001 569 1064 Joseph
595 1004 804 1050 ROGERS
834 1018 887 1047 on
914 999 1160 1061 epidemical
1180 998 1355 1056 diseafhs
1385 998 1564 1044 Dublin
1594 1009 1726 1057 1734.
1751 999 1824 1052 8.*
1868 998 1963 1044 Vix
1990 996 2080 1044 huc
2105 996 2227 1051 facit,
2259 996 2342 1044 nifi

289 1066 414 1126 quod
438 1068 634 1126 empiriae
661 1065 814 1113 fautor
843 1063 1067 1112 theoriam
1091 1063 1361 1123 impugnet,
1400 1064 1442 1108 &
1474 1064 1615 1109 multa
1640 1064 1681 1109 ci
1711 1062 1936 1109 contraria
1954 1062 2005 1108 in
2027 1078 2213 1123 corpote
2233 1062 2342 1109 vivo

291 1130 471 1177 evenire
497 1130 758 1178 contendat.

412 1212 496 1260 Sed
516 1212 691 1258 adnexa
715 1211 775 1258 est
794 1211 962 1273 epistola
991 1210 1052 1257 Cl.
1069 1209 1193 1261 RYE,
1221 1209 1373 1269 magni
1391 1225 1441 1254 ea
1456 1209 1601 1268 pretii.
1656 1207 1971 1267 Experimenta
1993 1206 2046 1252 ad
2061 1205 2342 1268 perspiratio-

287 1292 395 1323 nem
423 1276 696 1332 metiendam
726 1274 840 1322 fadia
869 1274 1050 1334 repetiit
1069 1274 1119 1319 in
1140 1272 1181 1319 se
1205 1271 1315 1332 ipso,
1386 1274 1577 1319 Urinam
1607 1288 1682 1331 per
1708 1270 1903 1317 aestatem
1933 1271 2084 1316 minus
2111 1270 2338 1331 copiosam

289 1340 481 1400 reperit,
519 1342 651 1386 etiam
676 1339 830 1399 duplo.
900 1339 1044 1384 Faeces
1072 1337 1163 1383 alvi
1189 1335 1292 1383 satis
1321 1334 1574 1381 consentire
1604 1351 1707 1381 cum
1737 1336 2337 1382 SANCTORIAlecalculis.

287 1404 444 1450 Noctu
475 1404 609 1450 etiam
632 1404 745 1449 bene
773 1402 879 1449 teeti
905 1401 1106 1461 corporis
1140 1415 1350 1461 magnam
1384 1397 1464 1445 effe
1503 1397 1898 1459 perspirationcm,
1935 1414 2034 1458 quae
2060 1398 2226 1458 pariter
2259 1415 2337 1459 per

288 1468 490 1526 corporis
522 1467 889 1514 exercitationem
915 1476 1120 1526 augetur.
1188 1464 1259 1510 Ad
1286 1461 1453 1522 septem
1480 1461 1622 1522 usque
1654 1463 1788 1508 libras
1817 1461 1910 1508 edit
1937 1462 2157 1522 bibitque,
2188 1460 2336 1508 hieme

286 1532 434 1576 multo
460 1531 627 1578 minus.
696 1528 881 1577 Pulsum
908 1530 987 1575 vix
1011 1540 1142 1588 putes
1170 1530 1286 1574 redte
1310 1525 1582 1579 numerasse,
1621 1542 1735 1586 quos
1749 1525 1994 1584 aliquando
2024 1536 2097 1581 25.
2123 1541 2218 1571 non
2239 1527 2338 1585 plu-

284 1609 356 1640 res
376 1592 502 1640 fuiffe
525 1606 690 1641 narrat.
758 1596 829 1640 De
855 1593 990 1639 variis
1022 1590 1159 1638 causis
1185 1588 1559 1651 perspirationeffl
1584 1588 1873 1649 augentibus,
1899 1600 1980 1635 aut
2002 1589 2333 1635 minuentibus.

413 1676 470 1722 R.
490 1676 697 1723 BUTLER
731 1673 851 1737 Effay
889 1691 941 1721 on
979 1673 1259 1733 bloodletting
1293 1671 1486 1718 London
1511 1683 1645 1730 1734.
1677 1668 1755 1724 8.*
1823 1670 1996 1717 SYLVAE
2027 1665 2245 1730 principia
2272 1669 2337 1716 se.

285 1740 469 1799 quitur,
508 1742 548 1786 &
579 1741 744 1800 pariter
770 1755 951 1785 omnem
981 1737 1312 1782 derivationem
1343 1736 1598 1795 improbat,
1636 1733 1719 1780 nisi
1750 1733 1800 1779 in
1831 1749 2017 1793 corpore
2049 1733 2173 1793 prius
2202 1732 2335 1794 insig-

282 1805 405 1850 niter
434 1816 666 1850 evacuato.
734 1801 1055 1850 Revulsionem
1083 1799 1311 1846 distribuit
1341 1815 1422 1859 pro
1464 1797 1719 1844 diversitate
1753 1797 2046 1849 arteriarum,
2083 1813 2182 1856 quae
2212 1813 2236 1843 a
2263 1796 2336 1844 su-

282 1868 451 1927 periori
474 1880 625 1920 aotta,
650 1879 738 1914 -aut
766 1868 821 1914 ab
849 1864 1079 1917 inferiori,
1115 1875 1232 1910 natac
1256 1861 1356 1908 fint.
1443 1863 1566 1908 Hinc
1592 1863 1641 1907 in
1666 1860 1837 1907 morbis
1871 1860 2127 1906 abdominis
2155 1859 2335 1922 sangui-

284 1947 390 1976 nem
416 1931 469 1976 de
494 1930 679 1977 brachio
704 1931 847 1977 mittit
868 1949 881 1982 3
918 1930 967 1975 in
987 1945 1101 1989 pene
1127 1927 1346 1973 omnibus
1371 1926 1566 1978 morbis,
1602 1926 1652 1971 in
1682 1923 1850 1985 quibus
1880 1924 2131 1983 periculum
2163 1924 2239 1977 est,
2275 1941 2333 1970 ne

283 1991 466 2053 sanguis
494 1996 542 2040 in
568 2007 704 2054 caput
728 1996 991 2055 colligatur,
1030 1993 1181 2052 potius
1209 2008 1263 2036 ex
1301 1989 1425 2048 pede.
1493 1990 1548 2035 In
1582 1988 1808 2034 mensibus
1835 1985 2071 2046 suppressis
2095 1987 2336 2034 derivatio-

283 2073 390 2103 nem
420 2059 571 2104 laudat
599 2061 680 2105 Sco.
749 2059 922 2106 Subtile
951 2054 1191 2102 discrimen
1213 2052 1520 2114 persequitur,
1556 2064 1610 2099 ut
1628 2051 1743 2099 rami
1767 2052 1821 2097 ab
1842 2053 2059 2097 alterutra
2079 2062 2207 2097 aorta
2235 2051 2332 2098 nati

281 2123 476 2182 majores
498 2119 693 2174 fuerint,
729 2123 999 2168 minoresve.

410 2201 592 2249 Andreae
618 2204 776 2250 Hoox
802 2201 923 2264 Effay
945 2219 997 2249 on
1017 2199 1086 2248 the
1101 2201 1289 2263 praffice
1309 2200 1361 2259 ef
1371 2197 1516 2262 phyfik
1536 2214 1638 2246 cum
1659 2197 1841 2258 adjectis
1868 2195 2153 2256 observations
2170 2212 2223 2244 on
2242 2201 2334 2244 ani-

281 2266 373 2312 mal
392 2282 592 2325 oeconomy
626 2267 821 2312 London
846 2279 979 2325 1734.
1005 2273 1047 2320 8.

418 2347 606 2394 lVilliam
630 2348 855 2395 G1FFARD
883 2349 993 2407 cases
1029 2352 1072 2393 in
1111 2345 1330 2406 midwifry
1359 2343 1555 2391 London
1585 2355 1719 2401 1734.
1752 2343 1826 2396 8.*
1861 2342 1915 2388 ab
1941 2341 2149 2390 Eduardo
2173 2344 2327 2392 HODY

282 2409 409 2456 editi.
482 2411 646 2470 Aliqua
671 2412 789 2457 inter
813 2414 1024 2471 prafflcas
1051 2410 1370 2456 adnotationes
1389 2408 1479 2454 hue
1495 2406 1692 2460 faciunt,
1730 2418 1784 2452 ut
1810 2418 1961 2465 partus
1985 2407 2206 2460 tubarius,
2232 2423 2328 2466 par-

281 2486 357 2520 tus
375 2472 641 2533 hydatidum
668 2491 691 2519 a
710 2475 860 2520 relicta
885 2477 932 2520 in
958 2487 1090 2520 utero
1119 2475 1336 2533 placenta.
1405 2472 1474 2518 Ab
1503 2472 1683 2524 eadem,
1718 2486 1820 2516 cum
1848 2469 2082 2516 funiculus
2107 2486 2202 2516 non
2221 2467 2326 2516 fuis-

280 2535 346 2584 set
369 2538 557 2598 ligatus,
591 2535 768 2583 funesta
791 2536 1129 2598 haemorrhagia-

414 2622 572 2680 George
602 2619 860 2665 THOMSON
908 2616 976 2663 the
1016 2630 1214 2675 anatomy
1250 2618 1303 2678 of
1325 2616 1480 2664 human
1514 2617 1646 2677 body,
1694 2612 1794 2661 with
1830 2633 1885 2661 an
1918 2625 2097 2660 account
2135 2612 2190 2674 of
2214 2613 2322 2672 mus:

279 2682 401 2729 culm·
427 2687 609 2735 motion,
645 2681 734 2728 and
761 2679 831 2726 the
857 2681 1105 2727 circulation
1135 2682 1187 2740 of
1201 2679 1268 2726 the
1293 2681 1418 2727 blood
1436 2716 1448 2735 ,
1486 2682 1574 2727 and
1601 2699 1627 2727 a
1656 2680 1908 2738 description
1932 2678 1985 2736 of
2000 2675 2069 2722 the
2081 2677 2191 2737 four
2205 2676 2324 2734 βον-

272 2746 337 2802 ses
363 2743 456 2800 &a
502 2745 648 2792 Lond.
680 2756 812 2802 1734.
845 2743 923 2797 8.*
989 2748 1212 2789 Anatome
1248 2742 1339 2788 fere
1370 2761 1424 2789 ex
1458 2746 1776 2791 XWJNSLOWO
1797 2775 1809 2793 ,
1860 2741 2014 2786 icones
2056 2740 2322 2787 collectitiae.

280 2807 803 2856 Musculorum'motum
826 2809 1150 2866 interpretatur
1176 2823 1199 2851 a
1222 2807 1480 2852 vibratione
1502 2807 1629 2852 fluidi
1657 2804 1834 2850 elastici.
1901 2804 1970 2848 De
1993 2814 2123 2849 motu
2145 2801 2324 2865 sangui-

264 2871 368 2926 vnis.
436 2873 506 2917 De
532 2872 777 2932 digestione
802 2874 843 2917 &
864 2871 1116 2917 nutritione
1130 2887 1143 2921 5
1182 2869 1234 2913 de
1254 2868 1466 2922 sensibus,
1497 2881 1681 2929 excepto
1706 2870 1843 2912 tadiu.

357 3013 388 3065 s
407 2952 483 3013 EJ.
523 2951 608 3002 The
634 2965 709 3002 art
731 2949 1007 3016 ofdifficting
1033 2949 1188 2999 human
1214 2948 1353 2997 bodies
1385 2949 1530 2999 Lond.
1565 2961 1702 3010 1740.
1737 2944 1817 3002 8.*
1867 2947 2147 2996 LYSERIANI
2184 2950 2319 3060 euagri

275 3031 355 3077 'ver
374 3032 436 3067 ιο.
1019 3077 1021 3079 ,
2256 3027 2316 3074 ·J·
