<?xml version="1.0" encoding="UTF-8"?>
<!DOCTYPE html PUBLIC "-//W3C//DTD XHTML 1.0 Transitional//EN"
    "http://www.w3.org/TR/xhtml1/DTD/xhtml1-transitional.dtd">
<html xmlns="http://www.w3.org/1999/xhtml" xml:lang="en" lang="en">
 <head>
  <title>
</title>
<meta http-equiv="Content-Type" content="text/html;charset=utf-8" />
  <meta name='ocr-system' content='tesseract 3.04.00' />
  <meta name='ocr-capabilities' content='ocr_page ocr_carea ocr_par ocr_line ocrx_word'/>
</head>
<body>
  <div class='ocr_page' id='page_1' title='image "bibliothecaanato02hall_0213.png"; bbox 0 0 2531 3394; ppageno 0'>
   <div class='ocr_carea' id='block_1_1' title="bbox 627 106 2244 189">
    <p class='ocr_par' dir='ltr' id='par_1_1' title="bbox 627 106 2244 189">
     <span class='ocr_line' id='line_1_1' title="bbox 627 106 2244 189; baseline 0.002 -31"><span class='ocrx_word' id='word_1_1' title='bbox 627 113 666 165; x_wconf 76' lang='lat'>§-</span> <span class='ocrx_word' id='word_1_2' title='bbox 705 114 814 167; x_wconf 84' lang='lat'>928.</span> <span class='ocrx_word' id='word_1_3' title='bbox 885 106 1271 189; x_wconf 67' lang='lat' dir='ltr'>ALBERTUS</span> <span class='ocrx_word' id='word_1_4' title='bbox 1317 119 1426 156; x_wconf 69' lang='lat' dir='ltr'>von</span> <span class='ocrx_word' id='word_1_5' title='bbox 1471 106 1781 161; x_wconf 85' lang='lat' dir='ltr'>HALLER.</span> <span class='ocrx_word' id='word_1_6' title='bbox 2144 124 2244 170; x_wconf 72' lang='lat'>203</span> 
     </span>
    </p>
   </div>
   <div class='ocr_carea' id='block_1_2' title="bbox 180 234 2267 616">
    <p class='ocr_par' dir='ltr' id='par_1_2' title="bbox 180 234 2267 616">
     <span class='ocr_line' id='line_1_2' title="bbox 187 234 2237 301; baseline 0 -15"><span class='ocrx_word' id='word_1_7' title='bbox 187 239 272 286; x_wconf 79' lang='lat' dir='ltr'>lica</span> <span class='ocrx_word' id='word_1_8' title='bbox 305 237 498 292; x_wconf 48' lang='lat' dir='ltr'>media..</span> <span class='ocrx_word' id='word_1_9' title='bbox 530 237 718 293; x_wconf 83' lang='lat' dir='ltr'>dextra,</span> <span class='ocrx_word' id='word_1_10' title='bbox 753 239 1017 292; x_wconf 78' lang='lat' dir='ltr'>ileocolica3</span> <span class='ocrx_word' id='word_1_11' title='bbox 1060 235 1188 284; x_wconf 85' lang='lat' dir='ltr'>anuli</span> <span class='ocrx_word' id='word_1_12' title='bbox 1216 234 1494 293; x_wconf 83' lang='lat' dir='ltr'>intestinales</span> <span class='ocrx_word' id='word_1_13' title='bbox 1524 237 1679 296; x_wconf 83' lang='lat' dir='ltr'>magni</span> <span class='ocrx_word' id='word_1_14' title='bbox 1713 239 1756 283; x_wconf 89' lang='lat'>&amp;</span> <span class='ocrx_word' id='word_1_15' title='bbox 1791 241 1942 298; x_wconf 85' lang='lat' dir='ltr'>parvi,</span> <span class='ocrx_word' id='word_1_16' title='bbox 1979 239 2184 301; x_wconf 88' lang='lat' dir='ltr'>hepatica</span> <span class='ocrx_word' id='word_1_17' title='bbox 2207 256 2237 287; x_wconf 86' lang='lat' dir='ltr'>a</span> 
     </span>
     <span class='ocr_line' id='line_1_3' title="bbox 182 297 2231 364; baseline 0.002 -17"><span class='ocrx_word' id='word_1_18' title='bbox 182 299 474 348; x_wconf 88' lang='lat' dir='ltr'>mesenterica</span> <span class='ocrx_word' id='word_1_19' title='bbox 503 315 623 349; x_wconf 86' lang='lat' dir='ltr'>nata.</span> <span class='ocrx_word' id='word_1_20' title='bbox 712 301 830 350; x_wconf 83' lang='lat' dir='ltr'>Vasa</span> <span class='ocrx_word' id='word_1_21' title='bbox 855 305 1032 349; x_wconf 86' lang='lat' dir='ltr'>minora</span> <span class='ocrx_word' id='word_1_22' title='bbox 1060 302 1102 347; x_wconf 87' lang='lat'>&amp;</span> <span class='ocrx_word' id='word_1_23' title='bbox 1135 301 1256 346; x_wconf 85' lang='lat' dir='ltr'>inter</span> <span class='ocrx_word' id='word_1_24' title='bbox 1285 314 1336 345; x_wconf 85' lang='lat' dir='ltr'>ca</span> <span class='ocrx_word' id='word_1_25' title='bbox 1367 299 1480 347; x_wconf 87' lang='lat' dir='ltr'>rami</span> <span class='ocrx_word' id='word_1_26' title='bbox 1517 297 1882 357; x_wconf 81' lang='lat' dir='ltr'>spermaticarum</span> <span class='ocrx_word' id='word_1_27' title='bbox 1901 336 1913 356; x_wconf 93' lang='lat'><strong>,</strong></span> <span class='ocrx_word' id='word_1_28' title='bbox 1947 321 2061 364; x_wconf 88' lang='lat' dir='ltr'>quos</span> <span class='ocrx_word' id='word_1_29' title='bbox 2098 305 2231 351; x_wconf 82' lang='lat' dir='ltr'>RUY-</span> 
     </span>
     <span class='ocr_line' id='line_1_4' title="bbox 183 361 2267 426; baseline 0.001 -15"><span class='ocrx_word' id='word_1_30' title='bbox 183 379 360 412; x_wconf 79' lang='lat' dir='ltr'>scmus</span> <span class='ocrx_word' id='word_1_31' title='bbox 387 364 548 412; x_wconf 84' lang='lat' dir='ltr'>habuit</span> <span class='ocrx_word' id='word_1_32' title='bbox 577 383 656 426; x_wconf 88' lang='lat' dir='ltr'>pro</span> <span class='ocrx_word' id='word_1_33' title='bbox 681 364 914 426; x_wconf 83' lang='lat' dir='ltr'>systemate</span> <span class='ocrx_word' id='word_1_34' title='bbox 939 364 1155 426; x_wconf 80' lang='lat' dir='ltr'>peculiari</span> <span class='ocrx_word' id='word_1_35' title='bbox 1174 378 1393 408; x_wconf 78' lang='lat' dir='ltr'>venarum</span> <span class='ocrx_word' id='word_1_36' title='bbox 1421 361 1765 416; x_wconf 83' lang='lat' dir='ltr'>intestinalium,</span> <span class='ocrx_word' id='word_1_37' title='bbox 1792 380 1818 409; x_wconf 91' lang='lat' dir='ltr'>a</span> <span class='ocrx_word' id='word_1_38' title='bbox 1835 381 1946 411; x_wconf 85' lang='lat' dir='ltr'>cava</span> <span class='ocrx_word' id='word_1_39' title='bbox 1968 370 2235 426; x_wconf 85' lang='lat' dir='ltr'>provenien·</span> <span class='ocrx_word' id='word_1_40' title='bbox 2257 379 2267 385; x_wconf 69' lang='grc'><strong>“</strong></span> 
     </span>
     <span class='ocr_line' id='line_1_5' title="bbox 182 424 2232 490; baseline 0 -15"><span class='ocrx_word' id='word_1_41' title='bbox 182 429 312 475; x_wconf 87' lang='lat' dir='ltr'>tium.</span> <span class='ocrx_word' id='word_1_42' title='bbox 381 430 569 476; x_wconf 85' lang='lat' dir='ltr'>Arteriae</span> <span class='ocrx_word' id='word_1_43' title='bbox 595 429 818 490; x_wconf 84' lang='lat' dir='ltr'>phrcnicae</span> <span class='ocrx_word' id='word_1_44' title='bbox 842 427 1078 476; x_wconf 80' lang='lat' dir='ltr'>inferiores</span> <span class='ocrx_word' id='word_1_45' title='bbox 1107 441 1280 486; x_wconf 78' lang='lat' dir='ltr'>maguae</span> <span class='ocrx_word' id='word_1_46' title='bbox 1298 459 1311 478; x_wconf 90' lang='lat'>‚</span> <span class='ocrx_word' id='word_1_47' title='bbox 1344 441 1520 485; x_wconf 64' lang='lat' dir='ltr'>parvae,</span> <span class='ocrx_word' id='word_1_48' title='bbox 1558 424 1805 486; x_wconf 83' lang='lat' dir='ltr'>capsulares</span> <span class='ocrx_word' id='word_1_49' title='bbox 1825 460 1837 480; x_wconf 90' lang='lat'>‚</span> <span class='ocrx_word' id='word_1_50' title='bbox 1872 432 2055 475; x_wconf 85' lang='lat' dir='ltr'>renales.</span> <span class='ocrx_word' id='word_1_51' title='bbox 2124 432 2232 476; x_wconf 84' lang='lat' dir='ltr'>Adi·</span> 
     </span>
     <span class='ocr_line' id='line_1_6' title="bbox 180 488 2234 553; baseline 0.001 -16"><span class='ocrx_word' id='word_1_52' title='bbox 180 490 297 552; x_wconf 85' lang='lat' dir='ltr'>posae</span> <span class='ocrx_word' id='word_1_53' title='bbox 316 526 328 545; x_wconf 87' lang='lat'><strong>,</strong></span> <span class='ocrx_word' id='word_1_54' title='bbox 364 491 634 553; x_wconf 83' lang='lat' dir='ltr'>spermaticae</span> <span class='ocrx_word' id='word_1_55' title='bbox 655 494 854 539; x_wconf 87' lang='lat' dir='ltr'>minores</span> <span class='ocrx_word' id='word_1_56' title='bbox 870 526 883 545; x_wconf 90' lang='lat'>,</span> <span class='ocrx_word' id='word_1_57' title='bbox 919 491 1166 539; x_wconf 85' lang='lat' dir='ltr'>uretericae.</span> <span class='ocrx_word' id='word_1_58' title='bbox 1254 491 1425 550; x_wconf 87' lang='lat' dir='ltr'><strong>Utique</strong></span> <span class='ocrx_word' id='word_1_59' title='bbox 1449 488 1670 541; x_wconf 88' lang='lat' dir='ltr'>urachum</span> <span class='ocrx_word' id='word_1_60' title='bbox 1697 506 1859 537; x_wconf 85' lang='lat' dir='ltr'>cavum</span> <span class='ocrx_word' id='word_1_61' title='bbox 1894 490 1974 538; x_wconf 84' lang='lat' dir='ltr'>effe</span> <span class='ocrx_word' id='word_1_62' title='bbox 1997 525 2010 546; x_wconf 85' lang='lat'>,</span> <span class='ocrx_word' id='word_1_63' title='bbox 2049 493 2091 538; x_wconf 84' lang='lat'>&amp;</span> <span class='ocrx_word' id='word_1_64' title='bbox 2117 509 2234 553; x_wconf 81' lang='lat' dir='ltr'>aqua</span> 
     </span>
     <span class='ocr_line' id='line_1_7' title="bbox 181 559 383 616; baseline 0 -14"><span class='ocrx_word' id='word_1_65' title='bbox 181 559 383 616; x_wconf 87' lang='lat' dir='ltr'>plenum.</span> 
     </span>
    </p>
   </div>
   <div class='ocr_carea' id='block_1_3' title="bbox 184 632 2235 759">
    <p class='ocr_par' dir='ltr' id='par_1_3' title="bbox 184 632 2235 759">
     <span class='ocr_line' id='line_1_8' title="bbox 184 632 2235 747; baseline -0 -64"><span class='ocrx_word' id='word_1_66' title='bbox 184 700 213 747; x_wconf 36' lang='lat' dir='ltr'>l·</span> <span class='ocrx_word' id='word_1_67' title='bbox 293 641 461 747; x_wconf 58' lang='grc' dir='ltr'>ΡΡνξιηα</span> <span class='ocrx_word' id='word_1_68' title='bbox 485 638 598 684; x_wconf 77' lang='lat' dir='ltr'>Iineae</span> <span class='ocrx_word' id='word_1_69' title='bbox 612 635 871 699; x_wconf 66' lang='lat' dir='ltr'>physiologice</span> <span class='ocrx_word' id='word_1_70' title='bbox 899 634 982 695; x_wconf 84' lang='lat' dir='ltr'>Ed.</span> <span class='ocrx_word' id='word_1_71' title='bbox 998 635 1034 682; x_wconf 92' lang='lat'>1.</span> <span class='ocrx_word' id='word_1_72' title='bbox 1068 634 1280 696; x_wconf 65' lang='lat' dir='ltr'>Gotting.</span> <span class='ocrx_word' id='word_1_73' title='bbox 1302 646 1437 694; x_wconf 87' lang='lat'><em>1747.</em></span> <span class='ocrx_word' id='word_1_74' title='bbox 1467 635 1542 690; x_wconf 67' lang='grc'>8.*</span> <span class='ocrx_word' id='word_1_75' title='bbox 1570 632 1696 683; x_wconf 87' lang='lat' dir='ltr'>versa</span> <span class='ocrx_word' id='word_1_76' title='bbox 1719 651 1744 682; x_wconf 87' lang='lat' dir='ltr'>a</span> <span class='ocrx_word' id='word_1_77' title='bbox 1767 639 1896 685; x_wconf 83' lang='lat' dir='ltr'>Petro</span> <span class='ocrx_word' id='word_1_78' title='bbox 1921 635 2090 683; x_wconf 75' lang='lat' dir='ltr'>TARm</span> <span class='ocrx_word' id='word_1_79' title='bbox 2127 636 2235 682; x_wconf 84' lang='lat' dir='ltr'>Gal-</span> 
     </span>
     <span class='ocr_line' id='line_1_9' title="bbox 201 712 670 759; baseline -0.002 -12"><span class='ocrx_word' id='word_1_80' title='bbox 201 716 267 748; x_wconf 81' lang='lat' dir='ltr'>ice</span> <span class='ocrx_word' id='word_1_81' title='bbox 330 717 416 747; x_wconf 82' lang='lat' dir='ltr'>aris</span> <span class='ocrx_word' id='word_1_82' title='bbox 443 712 575 759; x_wconf 85' lang='lat'>1752.</span> <span class='ocrx_word' id='word_1_83' title='bbox 601 712 670 748; x_wconf 84' lang='lat'>12.</span> 
     </span>
    </p>
   </div>
   <div class='ocr_carea' id='block_1_4' title="bbox 182 777 2235 970">
    <p class='ocr_par' dir='ltr' id='par_1_4' title="bbox 182 777 2235 970">
     <span class='ocr_line' id='line_1_10' title="bbox 312 777 2234 841; baseline -0.002 -13"><span class='ocrx_word' id='word_1_84' title='bbox 312 783 464 828; x_wconf 83' lang='lat' dir='ltr'>Editio</span> <span class='ocrx_word' id='word_1_85' title='bbox 489 782 546 828; x_wconf 93' lang='lat' dir='ltr'>II.</span> <span class='ocrx_word' id='word_1_86' title='bbox 583 780 792 840; x_wconf 80' lang='lat' dir='ltr'>Gotting.</span> <span class='ocrx_word' id='word_1_87' title='bbox 819 791 953 838; x_wconf 88' lang='lat'>1751.</span> <span class='ocrx_word' id='word_1_88' title='bbox 980 777 1060 832; x_wconf 83' lang='lat'>8.*</span> <span class='ocrx_word' id='word_1_89' title='bbox 1109 779 1431 838; x_wconf 23' lang='lat' dir='ltr'>Venet.r1754.</span> <span class='ocrx_word' id='word_1_90' title='bbox 1464 777 1542 833; x_wconf 59' lang='grc' dir='ltr'>8)ιν</span> <span class='ocrx_word' id='word_1_91' title='bbox 1585 780 1781 841; x_wconf 82' lang='lat' dir='ltr'>Neapoli</span> <span class='ocrx_word' id='word_1_92' title='bbox 1801 787 1936 840; x_wconf 86' lang='lat'>1761.</span> <span class='ocrx_word' id='word_1_93' title='bbox 1965 793 2010 839; x_wconf 85' lang='lat'>4.</span> <span class='ocrx_word' id='word_1_94' title='bbox 2043 780 2234 827; x_wconf 76' lang='lat' dir='ltr'>SMITH.</span> 
     </span>
     <span class='ocr_line' id='line_1_11' title="bbox 182 841 2235 906; baseline -0.001 -14"><span class='ocrx_word' id='word_1_95' title='bbox 182 844 323 892; x_wconf 83' lang='lat' dir='ltr'>Versa</span> <span class='ocrx_word' id='word_1_96' title='bbox 346 846 530 906; x_wconf 86' lang='lat' dir='ltr'>Anglice</span> <span class='ocrx_word' id='word_1_97' title='bbox 553 860 577 890; x_wconf 88' lang='lat' dir='ltr'>a</span> <span class='ocrx_word' id='word_1_98' title='bbox 601 845 641 891; x_wconf 87' lang='lat' dir='ltr'>S.</span> <span class='ocrx_word' id='word_1_99' title='bbox 667 845 871 890; x_wconf 80' lang='lat' dir='ltr'>MlHLEs</span> <span class='ocrx_word' id='word_1_100' title='bbox 906 843 1103 889; x_wconf 89' lang='lat' dir='ltr'>London</span> <span class='ocrx_word' id='word_1_101' title='bbox 1126 857 1262 902; x_wconf 87' lang='lat'>1754.</span> <span class='ocrx_word' id='word_1_102' title='bbox 1288 850 1330 897; x_wconf 89' lang='lat'>8.</span> <span class='ocrx_word' id='word_1_103' title='bbox 1361 841 1551 891; x_wconf 81' lang='lat' dir='ltr'>2.V01.*</span> <span class='ocrx_word' id='word_1_104' title='bbox 1589 855 1726 903; x_wconf 84' lang='lat'>1772.</span> <span class='ocrx_word' id='word_1_105' title='bbox 1751 844 1828 900; x_wconf 78' lang='lat'>8.*</span> <span class='ocrx_word' id='word_1_106' title='bbox 1896 846 2050 893; x_wconf 84' lang='lat' dir='ltr'>Italice</span> <span class='ocrx_word' id='word_1_107' title='bbox 2067 843 2235 890; x_wconf 83' lang='lat' dir='ltr'>Venet.</span> 
     </span>
     <span class='ocr_line' id='line_1_12' title="bbox 189 905 1620 970; baseline 0 -15"><span class='ocrx_word' id='word_1_108' title='bbox 189 917 324 970; x_wconf 85' lang='lat'>1765.</span> <span class='ocrx_word' id='word_1_109' title='bbox 347 912 421 962; x_wconf 67' lang='grc'>3.*</span> <span class='ocrx_word' id='word_1_110' title='bbox 490 909 660 954; x_wconf 83' lang='lat' dir='ltr'>Gallice</span> <span class='ocrx_word' id='word_1_111' title='bbox 689 923 714 952; x_wconf 89' lang='lat' dir='ltr'>a</span> <span class='ocrx_word' id='word_1_112' title='bbox 737 908 797 953; x_wconf 92' lang='lat' dir='ltr'>D.</span> <span class='ocrx_word' id='word_1_113' title='bbox 827 905 1150 954; x_wconf 82' lang='lat' dir='ltr'>BORDENAVE</span> <span class='ocrx_word' id='word_1_114' title='bbox 1187 907 1307 954; x_wconf 84' lang='lat' dir='ltr'>Paris</span> <span class='ocrx_word' id='word_1_115' title='bbox 1338 913 1473 965; x_wconf 85' lang='lat'>1768·</span> <span class='ocrx_word' id='word_1_116' title='bbox 1512 905 1620 955; x_wconf 82' lang='lat'>12.*</span> 
     </span>
    </p>
   </div>
   <div class='ocr_carea' id='block_1_5' title="bbox 155 985 2251 3076">
    <p class='ocr_par' dir='ltr' id='par_1_5' title="bbox 183 985 2251 1369">
     <span class='ocr_line' id='line_1_13' title="bbox 311 985 2237 1050; baseline -0.001 -14"><span class='ocrx_word' id='word_1_117' title='bbox 311 989 464 1036; x_wconf 88' lang='lat' dir='ltr'>Editio</span> <span class='ocrx_word' id='word_1_118' title='bbox 487 989 566 1036; x_wconf 87' lang='grc' dir='ltr'><strong>ΙΙΙ.</strong></span> <span class='ocrx_word' id='word_1_119' title='bbox 604 988 817 1049; x_wconf 77' lang='lat' dir='ltr'>Gotting.</span> <span class='ocrx_word' id='word_1_120' title='bbox 839 994 972 1046; x_wconf 89' lang='lat'>1766.</span> <span class='ocrx_word' id='word_1_121' title='bbox 995 994 1037 1042; x_wconf 89' lang='lat'>8.</span> <span class='ocrx_word' id='word_1_122' title='bbox 1071 987 1478 1049; x_wconf 86' lang='lat' dir='ltr'>rccusaEdinburg</span> <span class='ocrx_word' id='word_1_123' title='bbox 1497 996 1629 1048; x_wconf 85' lang='lat'>1767.</span> <span class='ocrx_word' id='word_1_124' title='bbox 1649 991 1721 1043; x_wconf 70' lang='grc'>8.*</span> <span class='ocrx_word' id='word_1_125' title='bbox 1752 990 1977 1039; x_wconf 77' lang='lat' dir='ltr'>Lausann.</span> <span class='ocrx_word' id='word_1_126' title='bbox 1997 1002 2132 1050; x_wconf 90' lang='lat'>1771.</span> <span class='ocrx_word' id='word_1_127' title='bbox 2155 985 2237 1041; x_wconf 81' lang='lat'>8..*</span> 
     </span>
     <span class='ocr_line' id='line_1_14' title="bbox 185 1050 2251 1114; baseline -0.001 -14"><span class='ocrx_word' id='word_1_128' title='bbox 185 1055 452 1101; x_wconf 82' lang='lat' dir='ltr'>Germanice</span> <span class='ocrx_word' id='word_1_129' title='bbox 478 1050 602 1098; x_wconf 84' lang='lat' dir='ltr'>versa</span> <span class='ocrx_word' id='word_1_130' title='bbox 625 1053 819 1098; x_wconf 84' lang='lat' dir='ltr'>Berolin.</span> <span class='ocrx_word' id='word_1_131' title='bbox 843 1064 978 1109; x_wconf 90' lang='lat'>1770.</span> <span class='ocrx_word' id='word_1_132' title='bbox 1003 1051 1079 1105; x_wconf 73' lang='lat'>8.*</span> <span class='ocrx_word' id='word_1_133' title='bbox 1114 1053 1270 1112; x_wconf 88' lang='lat' dir='ltr'>potius</span> <span class='ocrx_word' id='word_1_134' title='bbox 1300 1058 1435 1109; x_wconf 84' lang='lat'>1769.</span> <span class='ocrx_word' id='word_1_135' title='bbox 1502 1053 1571 1098; x_wconf 86' lang='lat' dir='ltr'>Ad</span> <span class='ocrx_word' id='word_1_136' title='bbox 1601 1052 1733 1099; x_wconf 86' lang='lat' dir='ltr'>usum</span> <span class='ocrx_word' id='word_1_137' title='bbox 1759 1056 2100 1114; x_wconf 70' lang='lat' dir='ltr'>praelediionum</span> <span class='ocrx_word' id='word_1_138' title='bbox 2127 1055 2251 1100; x_wconf 65' lang='lat' dir='ltr'>Aca-‘</span> 
     </span>
     <span class='ocr_line' id='line_1_15' title="bbox 186 1114 2240 1177; baseline -0 -14"><span class='ocrx_word' id='word_1_139' title='bbox 186 1118 458 1163; x_wconf 90' lang='lat' dir='ltr'>demicarum</span> <span class='ocrx_word' id='word_1_140' title='bbox 479 1114 670 1175; x_wconf 87' lang='lat' dir='ltr'>scriptus</span> <span class='ocrx_word' id='word_1_141' title='bbox 703 1116 815 1161; x_wconf 86' lang='lat' dir='ltr'>liber</span> <span class='ocrx_word' id='word_1_142' title='bbox 842 1115 1027 1161; x_wconf 91' lang='lat' dir='ltr'>brevem</span> <span class='ocrx_word' id='word_1_143' title='bbox 1051 1128 1296 1162; x_wconf 88' lang='lat' dir='ltr'>anatomen</span> <span class='ocrx_word' id='word_1_144' title='bbox 1327 1115 1557 1169; x_wconf 85' lang='lat' dir='ltr'>continet,</span> <span class='ocrx_word' id='word_1_145' title='bbox 1595 1118 1638 1163; x_wconf 74' lang='lat' dir='ltr'>Sc</span> <span class='ocrx_word' id='word_1_146' title='bbox 1663 1115 1884 1164; x_wconf 86' lang='lat' dir='ltr'>viscerum</span> <span class='ocrx_word' id='word_1_147' title='bbox 1908 1121 1950 1165; x_wconf 84' lang='lat'>&amp;</span> <span class='ocrx_word' id='word_1_148' title='bbox 1970 1133 2123 1165; x_wconf 88' lang='lat' dir='ltr'>earum</span> <span class='ocrx_word' id='word_1_149' title='bbox 2141 1132 2240 1177; x_wconf 89' lang='lat' dir='ltr'>par-</span> 
     </span>
     <span class='ocr_line' id='line_1_16' title="bbox 184 1176 2242 1240; baseline -0.001 -12"><span class='ocrx_word' id='word_1_150' title='bbox 184 1182 324 1234; x_wconf 82' lang='lat' dir='ltr'>tium,</span> <span class='ocrx_word' id='word_1_151' title='bbox 361 1195 549 1239; x_wconf 85' lang='lat' dir='ltr'>quarum</span> <span class='ocrx_word' id='word_1_152' title='bbox 575 1176 833 1225; x_wconf 65' lang='lat' dir='ltr'>fundiiones</span> <span class='ocrx_word' id='word_1_153' title='bbox 863 1179 909 1225; x_wconf 84' lang='lat' dir='ltr'>in</span> <span class='ocrx_word' id='word_1_154' title='bbox 936 1177 1217 1239; x_wconf 72' lang='lat' dir='ltr'>physiologia</span> <span class='ocrx_word' id='word_1_155' title='bbox 1250 1180 1474 1225; x_wconf 83' lang='lat' dir='ltr'>docentur</span> <span class='ocrx_word' id='word_1_156' title='bbox 1497 1198 1510 1232; x_wconf 89' lang='lat'>;</span> <span class='ocrx_word' id='word_1_157' title='bbox 1557 1196 1652 1225; x_wconf 89' lang='lat' dir='ltr'>cam</span> <span class='ocrx_word' id='word_1_158' title='bbox 1676 1181 2086 1228; x_wconf 76' lang='lat' dir='ltr'>BOERHAAVIANO</span> <span class='ocrx_word' id='word_1_159' title='bbox 2114 1179 2242 1240; x_wconf 82' lang='lat' dir='ltr'>operi</span> 
     </span>
     <span class='ocr_line' id='line_1_17' title="bbox 183 1240 2241 1305; baseline -0.001 -14"><span class='ocrx_word' id='word_1_160' title='bbox 183 1247 338 1291; x_wconf 64' lang='lat' dir='ltr'>auetor-</span> <span class='ocrx_word' id='word_1_161' title='bbox 362 1242 605 1295; x_wconf 84' lang='lat' dir='ltr'>substituit‚</span> <span class='ocrx_word' id='word_1_162' title='bbox 642 1254 694 1288; x_wconf 88' lang='lat' dir='ltr'>ut</span> <span class='ocrx_word' id='word_1_163' title='bbox 717 1242 923 1288; x_wconf 80' lang='lat' dir='ltr'>ordinem</span> <span class='ocrx_word' id='word_1_164' title='bbox 940 1240 1072 1288; x_wconf 85' lang='lat' dir='ltr'>suum</span> <span class='ocrx_word' id='word_1_165' title='bbox 1096 1241 1177 1288; x_wconf 86' lang='lat' dir='ltr'>fibi</span> <span class='ocrx_word' id='word_1_166' title='bbox 1195 1241 1320 1303; x_wconf 86' lang='lat' dir='ltr'>sequi</span> <span class='ocrx_word' id='word_1_167' title='bbox 1338 1243 1515 1295; x_wconf 84' lang='lat' dir='ltr'>liceret,</span> <span class='ocrx_word' id='word_1_168' title='bbox 1551 1245 1592 1290; x_wconf 89' lang='lat'>&amp;</span> <span class='ocrx_word' id='word_1_169' title='bbox 1612 1243 1761 1302; x_wconf 88' lang='lat' dir='ltr'>aliqua</span> <span class='ocrx_word' id='word_1_170' title='bbox 1790 1247 1967 1305; x_wconf 77' lang='lat' dir='ltr'>plenius</span> <span class='ocrx_word' id='word_1_171' title='bbox 1998 1259 2241 1304; x_wconf 81' lang='lat' dir='ltr'>exponere.</span> 
     </span>
     <span class='ocr_line' id='line_1_18' title="bbox 188 1305 2242 1369; baseline -0.001 -15"><span class='ocrx_word' id='word_1_172' title='bbox 188 1309 466 1367; x_wconf 86' lang='lat' dir='ltr'>Nuperiores</span> <span class='ocrx_word' id='word_1_173' title='bbox 486 1307 706 1352; x_wconf 79' lang='lat' dir='ltr'>editiones</span> <span class='ocrx_word' id='word_1_174' title='bbox 731 1307 965 1366; x_wconf 81' lang='lat' dir='ltr'>aliquanto</span> <span class='ocrx_word' id='word_1_175' title='bbox 990 1305 1259 1366; x_wconf 75' lang='lat' dir='ltr'>copiosiores</span> <span class='ocrx_word' id='word_1_176' title='bbox 1277 1305 1398 1359; x_wconf 78' lang='lat' dir='ltr'>sunt.</span> <span class='ocrx_word' id='word_1_177' title='bbox 1464 1306 1555 1353; x_wconf 81' lang='lat' dir='ltr'>Hic</span> <span class='ocrx_word' id='word_1_178' title='bbox 1577 1308 1795 1355; x_wconf 81' lang='lat' dir='ltr'>AUCTOR</span> <span class='ocrx_word' id='word_1_179' title='bbox 1824 1309 2025 1369; x_wconf 86' lang='lat' dir='ltr'>corporis</span> <span class='ocrx_word' id='word_1_180' title='bbox 2048 1307 2242 1354; x_wconf 86' lang='lat' dir='ltr'>humani</span> 
     </span>
    </p>

    <p class='ocr_par' dir='ltr' id='par_1_6' title="bbox 131 1368 2241 3022">
     <span class='ocr_line' id='line_1_19' title="bbox 155 1368 2238 1430; baseline -0.001 -12"><span class='ocrx_word' id='word_1_181' title='bbox 155 1398 167 1411; x_wconf 60' lang='grc' dir='ltr'><strong><em>ε</em></strong></span> <span class='ocrx_word' id='word_1_182' title='bbox 183 1371 427 1418; x_wconf 85' lang='lat' dir='ltr'>maximam</span> <span class='ocrx_word' id='word_1_183' title='bbox 468 1382 639 1430; x_wconf 87' lang='lat' dir='ltr'>partem</span> <span class='ocrx_word' id='word_1_184' title='bbox 676 1386 732 1415; x_wconf 80' lang='lat' dir='ltr'>ex</span> <span class='ocrx_word' id='word_1_185' title='bbox 769 1368 980 1416; x_wconf 85' lang='lat' dir='ltr'>cellulosa</span> <span class='ocrx_word' id='word_1_186' title='bbox 1020 1371 1109 1416; x_wconf 86' lang='lat' dir='ltr'>tela</span> <span class='ocrx_word' id='word_1_187' title='bbox 1138 1369 1240 1429; x_wconf 84' lang='lat' dir='ltr'>fieri</span> <span class='ocrx_word' id='word_1_188' title='bbox 1266 1371 1424 1418; x_wconf 86' lang='lat' dir='ltr'>docuit</span> <span class='ocrx_word' id='word_1_189' title='bbox 1451 1396 1466 1417; x_wconf 65' lang='lat' dir='ltr'>s</span> <span class='ocrx_word' id='word_1_190' title='bbox 1522 1385 1659 1430; x_wconf 83' lang='lat' dir='ltr'>quam</span> <span class='ocrx_word' id='word_1_191' title='bbox 1700 1370 1862 1418; x_wconf 87' lang='lat' dir='ltr'>deinde</span> <span class='ocrx_word' id='word_1_192' title='bbox 1898 1373 2131 1419; x_wconf 77' lang='lat' dir='ltr'>materiam</span> <span class='ocrx_word' id='word_1_193' title='bbox 2166 1372 2238 1417; x_wconf 92' lang='lat' dir='ltr'>Cl.</span> 
     </span>
     <span class='ocr_line' id='line_1_20' title="bbox 182 1431 2241 1483; baseline 0 -1.976"><span class='ocrx_word' id='word_1_194' title='bbox 182 1435 478 1481; x_wconf 81' lang='lat' dir='ltr'>HERISSANT</span> <span class='ocrx_word' id='word_1_195' title='bbox 508 1432 704 1479; x_wconf 88' lang='lat' dir='ltr'>ostendit</span> <span class='ocrx_word' id='word_1_196' title='bbox 735 1433 869 1479; x_wconf 85' lang='lat' dir='ltr'>etiam</span> <span class='ocrx_word' id='word_1_197' title='bbox 899 1431 1068 1479; x_wconf 85' lang='lat' dir='ltr'>offibus</span> <span class='ocrx_word' id='word_1_198' title='bbox 1092 1432 1229 1480; x_wconf 82' lang='lat' dir='ltr'>effe&amp;</span> <span class='ocrx_word' id='word_1_199' title='bbox 1257 1433 1406 1480; x_wconf 89' lang='lat' dir='ltr'>testis:</span> <span class='ocrx_word' id='word_1_200' title='bbox 1442 1436 1492 1481; x_wconf 84' lang='lat' dir='ltr'>in</span> <span class='ocrx_word' id='word_1_201' title='bbox 1517 1434 1704 1480; x_wconf 87' lang='lat' dir='ltr'>tendine</span> <span class='ocrx_word' id='word_1_202' title='bbox 1740 1439 1867 1483; x_wconf 63' lang='lat' dir='ltr'>consto</span> <span class='ocrx_word' id='word_1_203' title='bbox 1896 1439 2026 1482; x_wconf 87' lang='lat' dir='ltr'>etiam</span> <span class='ocrx_word' id='word_1_204' title='bbox 2053 1437 2104 1481; x_wconf 90' lang='lat' dir='ltr'>C.</span> <span class='ocrx_word' id='word_1_205' title='bbox 2127 1437 2241 1482; x_wconf 86' lang='lat' dir='ltr'>MO-</span> 
     </span>
     <span class='ocr_line' id='line_1_21' title="bbox 185 1494 2238 1551; baseline 0 -6"><span class='ocrx_word' id='word_1_206' title='bbox 185 1494 335 1551; x_wconf 59' lang='lat' dir='ltr'>§CATl</span> <span class='ocrx_word' id='word_1_207' title='bbox 364 1497 482 1544; x_wconf 89' lang='lat' dir='ltr'>vidit</span> <span class='ocrx_word' id='word_1_208' title='bbox 505 1497 704 1543; x_wconf 88' lang='lat' dir='ltr'>eamdem</span> <span class='ocrx_word' id='word_1_209' title='bbox 727 1495 822 1543; x_wconf 77' lang='lat' dir='ltr'>esse.</span> <span class='ocrx_word' id='word_1_210' title='bbox 892 1495 1012 1543; x_wconf 82' lang='lat' dir='ltr'>Vasa</span> <span class='ocrx_word' id='word_1_211' title='bbox 1047 1498 1225 1543; x_wconf 89' lang='lat' dir='ltr'>minora</span> <span class='ocrx_word' id='word_1_212' title='bbox 1251 1496 1454 1551; x_wconf 75' lang='lat' dir='ltr'>admisit,</span> <span class='ocrx_word' id='word_1_213' title='bbox 1491 1495 1565 1543; x_wconf 80' lang='lat' dir='ltr'>sed</span> <span class='ocrx_word' id='word_1_214' title='bbox 1596 1513 1693 1543; x_wconf 87' lang='lat' dir='ltr'>non</span> <span class='ocrx_word' id='word_1_215' title='bbox 1720 1501 1971 1546; x_wconf 88' lang='lat' dir='ltr'>multorum</span> <span class='ocrx_word' id='word_1_216' title='bbox 2005 1499 2238 1546; x_wconf 85' lang='lat' dir='ltr'>ordinum.</span> 
     </span>
     <span class='ocr_line' id='line_1_22' title="bbox 186 1559 2240 1622; baseline 0 -14"><span class='ocrx_word' id='word_1_217' title='bbox 186 1560 378 1622; x_wconf 77' lang='lat' dir='ltr'>Motum</span> <span class='ocrx_word' id='word_1_218' title='bbox 414 1561 561 1607; x_wconf 89' lang='lat' dir='ltr'>cordis</span> <span class='ocrx_word' id='word_1_219' title='bbox 592 1561 840 1607; x_wconf 76' lang='lat' dir='ltr'>irritationi</span> <span class='ocrx_word' id='word_1_220' title='bbox 874 1561 1038 1606; x_wconf 85' lang='lat' dir='ltr'>tribuit</span> <span class='ocrx_word' id='word_1_221' title='bbox 1081 1559 1312 1621; x_wconf 81' lang='lat' dir='ltr'>sanguinis</span> <span class='ocrx_word' id='word_1_222' title='bbox 1341 1559 1495 1608; x_wconf 83' lang='lat' dir='ltr'>venosi</span> <span class='ocrx_word' id='word_1_223' title='bbox 1519 1595 1532 1614; x_wconf 88' lang='lat'><strong>,</strong></span> <span class='ocrx_word' id='word_1_224' title='bbox 1577 1576 1632 1606; x_wconf 84' lang='lat' dir='ltr'>ex</span> <span class='ocrx_word' id='word_1_225' title='bbox 1673 1562 1832 1609; x_wconf 87' lang='lat' dir='ltr'>ordine</span> <span class='ocrx_word' id='word_1_226' title='bbox 1866 1564 1975 1611; x_wconf 86' lang='lat' dir='ltr'>duas</span> <span class='ocrx_word' id='word_1_227' title='bbox 2013 1563 2240 1610; x_wconf 79' lang='lat' dir='ltr'>auriculas</span> 
     </span>
     <span class='ocr_line' id='line_1_23' title="bbox 184 1624 2238 1686; baseline -0 -14"><span class='ocrx_word' id='word_1_228' title='bbox 184 1627 227 1672; x_wconf 68' lang='grc' dir='ltr'><strong>ἃ</strong></span> <span class='ocrx_word' id='word_1_229' title='bbox 262 1625 376 1671; x_wconf 86' lang='lat' dir='ltr'>duos</span> <span class='ocrx_word' id='word_1_230' title='bbox 406 1625 684 1671; x_wconf 87' lang='lat' dir='ltr'>ventriculos</span> <span class='ocrx_word' id='word_1_231' title='bbox 710 1624 1030 1684; x_wconf 84' lang='lat' dir='ltr'>percurrentis.</span> <span class='ocrx_word' id='word_1_232' title='bbox 1099 1625 1192 1670; x_wconf 90' lang='lat' dir='ltr'>Cor</span> <span class='ocrx_word' id='word_1_233' title='bbox 1212 1625 1339 1671; x_wconf 90' lang='lat' dir='ltr'>omni</span> <span class='ocrx_word' id='word_1_234' title='bbox 1367 1627 1453 1672; x_wconf 90' lang='lat' dir='ltr'>alia</span> <span class='ocrx_word' id='word_1_235' title='bbox 1482 1635 1607 1685; x_wconf 85' lang='lat' dir='ltr'>parte</span> <span class='ocrx_word' id='word_1_236' title='bbox 1633 1627 1836 1686; x_wconf 91' lang='lat' dir='ltr'>corporis</span> <span class='ocrx_word' id='word_1_237' title='bbox 1860 1627 2066 1674; x_wconf 86' lang='lat' dir='ltr'>animalis</span> <span class='ocrx_word' id='word_1_238' title='bbox 2094 1626 2238 1686; x_wconf 85' lang='lat' dir='ltr'>magis</span> 
     </span>
     <span class='ocr_line' id='line_1_24' title="bbox 181 1686 2241 1750; baseline 0 -15"><span class='ocrx_word' id='word_1_239' title='bbox 181 1688 400 1736; x_wconf 87' lang='lat' dir='ltr'>irritabile</span> <span class='ocrx_word' id='word_1_240' title='bbox 429 1687 510 1734; x_wconf 82' lang='lat' dir='ltr'>effe</span> <span class='ocrx_word' id='word_1_241' title='bbox 547 1688 724 1748; x_wconf 87' lang='lat' dir='ltr'>reperit.</span> <span class='ocrx_word' id='word_1_242' title='bbox 816 1690 977 1746; x_wconf 83' lang='lat' dir='ltr'>Neque</span> <span class='ocrx_word' id='word_1_243' title='bbox 1012 1686 1357 1734; x_wconf 78' lang='lat' dir='ltr'>convulsionem</span> <span class='ocrx_word' id='word_1_244' title='bbox 1392 1703 1669 1741; x_wconf 83' lang='lat' dir='ltr'>nervorum,</span> <span class='ocrx_word' id='word_1_245' title='bbox 1718 1706 1866 1750; x_wconf 89' lang='lat' dir='ltr'>neque</span> <span class='ocrx_word' id='word_1_246' title='bbox 1902 1689 2101 1737; x_wconf 87' lang='lat' dir='ltr'>arteriosi</span> <span class='ocrx_word' id='word_1_247' title='bbox 2141 1688 2241 1736; x_wconf 78' lang='lat' dir='ltr'>san-</span> 
     </span>
     <span class='ocr_line' id='line_1_25' title="bbox 183 1749 2237 1812; baseline 0 -14"><span class='ocrx_word' id='word_1_248' title='bbox 183 1752 336 1812; x_wconf 79' lang='lat' dir='ltr'>guinis</span> <span class='ocrx_word' id='word_1_249' title='bbox 372 1769 396 1798; x_wconf 91' lang='lat' dir='ltr'>a</span> <span class='ocrx_word' id='word_1_250' title='bbox 435 1752 681 1798; x_wconf 86' lang='lat' dir='ltr'>coronariis</span> <span class='ocrx_word' id='word_1_251' title='bbox 718 1749 995 1797; x_wconf 78' lang='lat' dir='ltr'>aversionem</span> <span class='ocrx_word' id='word_1_252' title='bbox 1026 1753 1219 1798; x_wconf 83' lang='lat' dir='ltr'>alternas</span> <span class='ocrx_word' id='word_1_253' title='bbox 1257 1752 1307 1798; x_wconf 87' lang='lat' dir='ltr'>in</span> <span class='ocrx_word' id='word_1_254' title='bbox 1339 1765 1471 1799; x_wconf 87' lang='lat' dir='ltr'>motu</span> <span class='ocrx_word' id='word_1_255' title='bbox 1505 1752 1653 1797; x_wconf 87' lang='lat' dir='ltr'>cordis</span> <span class='ocrx_word' id='word_1_256' title='bbox 1688 1754 1808 1800; x_wconf 89' lang='lat' dir='ltr'>vices</span> <span class='ocrx_word' id='word_1_257' title='bbox 1843 1752 1986 1800; x_wconf 87' lang='lat' dir='ltr'>facere</span> <span class='ocrx_word' id='word_1_258' title='bbox 2023 1754 2237 1800; x_wconf 79' lang='lat' dir='ltr'>ostendit.</span> 
     </span>
     <span class='ocr_line' id='line_1_26' title="bbox 182 1813 2240 1877; baseline 0 -13"><span class='ocrx_word' id='word_1_259' title='bbox 182 1817 412 1864; x_wconf 86' lang='lat' dir='ltr'>Humores</span> <span class='ocrx_word' id='word_1_260' title='bbox 438 1815 651 1862; x_wconf 87' lang='lat' dir='ltr'>animales</span> <span class='ocrx_word' id='word_1_261' title='bbox 676 1816 725 1861; x_wconf 88' lang='lat' dir='ltr'>in</span> <span class='ocrx_word' id='word_1_262' title='bbox 749 1827 948 1874; x_wconf 85' lang='lat' dir='ltr'>quatuor</span> <span class='ocrx_word' id='word_1_263' title='bbox 969 1813 1116 1861; x_wconf 81' lang='lat' dir='ltr'>claffes</span> <span class='ocrx_word' id='word_1_264' title='bbox 1142 1816 1351 1870; x_wconf 84' lang='lat' dir='ltr'>reduxit,</span> <span class='ocrx_word' id='word_1_265' title='bbox 1386 1815 1703 1877; x_wconf 85' lang='lat' dir='ltr'>coagulabiles‚</span> <span class='ocrx_word' id='word_1_266' title='bbox 1740 1817 2109 1871; x_wconf 82' lang='lat' dir='ltr'>inflammabiles‚</span> <span class='ocrx_word' id='word_1_267' title='bbox 2139 1834 2240 1864; x_wconf 55' lang='lat' dir='ltr'>mun-</span> 
     </span>
     <span class='ocr_line' id='line_1_27' title="bbox 185 1877 2239 1942; baseline 0.001 -17"><span class='ocrx_word' id='word_1_268' title='bbox 185 1877 338 1942; x_wconf 77' lang='lat' dir='ltr'>cosos‚</span> <span class='ocrx_word' id='word_1_269' title='bbox 377 1895 558 1939; x_wconf 88' lang='lat' dir='ltr'>aqueos.</span> <span class='ocrx_word' id='word_1_270' title='bbox 652 1878 963 1925; x_wconf 90' lang='lat' dir='ltr'>Globulorum</span> <span class='ocrx_word' id='word_1_271' title='bbox 1005 1879 1252 1926; x_wconf 84' lang='lat' dir='ltr'>diminutas</span> <span class='ocrx_word' id='word_1_272' title='bbox 1287 1878 1422 1926; x_wconf 85' lang='lat' dir='ltr'>series</span> <span class='ocrx_word' id='word_1_273' title='bbox 1452 1878 1640 1939; x_wconf 75' lang='lat' dir='ltr'>rejecit3</span> <span class='ocrx_word' id='word_1_274' title='bbox 1684 1879 1803 1941; x_wconf 79' lang='lat' dir='ltr'>ipsos</span> <span class='ocrx_word' id='word_1_275' title='bbox 1843 1880 1953 1928; x_wconf 85' lang='lat' dir='ltr'>facit</span> <span class='ocrx_word' id='word_1_276' title='bbox 1994 1881 2239 1929; x_wconf 87' lang='lat' dir='ltr'>rotundos.</span> 
     </span>
     <span class='ocr_line' id='line_1_28' title="bbox 183 1942 2236 2001; baseline 0.001 -11"><span class='ocrx_word' id='word_1_277' title='bbox 183 1943 462 1990; x_wconf 83' lang='lat' dir='ltr'>Arteriarum</span> <span class='ocrx_word' id='word_1_278' title='bbox 492 1942 586 1988; x_wconf 88' lang='lat' dir='ltr'>vim</span> <span class='ocrx_word' id='word_1_279' title='bbox 619 1943 928 1989; x_wconf 68' lang='lat' dir='ltr'>contradiilem</span> <span class='ocrx_word' id='word_1_280' title='bbox 958 1943 1122 2001; x_wconf 89' lang='lat' dir='ltr'>partim</span> <span class='ocrx_word' id='word_1_281' title='bbox 1145 1954 1372 1989; x_wconf 85' lang='lat' dir='ltr'>mortuam</span> <span class='ocrx_word' id='word_1_282' title='bbox 1393 1942 1500 1996; x_wconf 82' lang='lat' dir='ltr'>effe,</span> <span class='ocrx_word' id='word_1_283' title='bbox 1536 1945 1699 2001; x_wconf 87' lang='lat' dir='ltr'>partim</span> <span class='ocrx_word' id='word_1_284' title='bbox 1724 1943 2023 1992; x_wconf 77' lang='lat' dir='ltr'>musculosam</span> <span class='ocrx_word' id='word_1_285' title='bbox 2040 1944 2236 1992; x_wconf 86' lang='lat' dir='ltr'>insitam.</span> 
     </span>
     <span class='ocr_line' id='line_1_29' title="bbox 183 2002 2239 2066; baseline 0 -12"><span class='ocrx_word' id='word_1_286' title='bbox 183 2005 368 2055; x_wconf 85' lang='lat' dir='ltr'>Pulsum</span> <span class='ocrx_word' id='word_1_287' title='bbox 402 2007 451 2052; x_wconf 91' lang='lat' dir='ltr'>in</span> <span class='ocrx_word' id='word_1_288' title='bbox 484 2004 596 2052; x_wconf 84' lang='lat' dir='ltr'>vasis</span> <span class='ocrx_word' id='word_1_289' title='bbox 623 2006 824 2052; x_wconf 88' lang='lat' dir='ltr'>minimis</span> <span class='ocrx_word' id='word_1_290' title='bbox 850 2004 1137 2059; x_wconf 86' lang='lat' dir='ltr'>evanescere,</span> <span class='ocrx_word' id='word_1_291' title='bbox 1174 2023 1323 2066; x_wconf 89' lang='lat' dir='ltr'>neque</span> <span class='ocrx_word' id='word_1_292' title='bbox 1346 2023 1396 2052; x_wconf 90' lang='lat' dir='ltr'>ea</span> <span class='ocrx_word' id='word_1_293' title='bbox 1418 2002 1608 2066; x_wconf 83' lang='lat' dir='ltr'>minima</span> <span class='ocrx_word' id='word_1_294' title='bbox 1635 2006 1739 2054; x_wconf 86' lang='lat' dir='ltr'>vasa</span> <span class='ocrx_word' id='word_1_295' title='bbox 1763 2009 1907 2055; x_wconf 89' lang='lat' dir='ltr'>videri</span> <span class='ocrx_word' id='word_1_296' title='bbox 1925 2009 2239 2055; x_wconf 68' lang='lat' dir='ltr'>contractione</span> 
     </span>
     <span class='ocr_line' id='line_1_30' title="bbox 185 2068 2236 2134; baseline 0 -17"><span class='ocrx_word' id='word_1_297' title='bbox 185 2072 272 2117; x_wconf 70' lang='lat' dir='ltr'>alia</span> <span class='ocrx_word' id='word_1_298' title='bbox 314 2071 463 2116; x_wconf 89' lang='lat' dir='ltr'>valere</span> <span class='ocrx_word' id='word_1_299' title='bbox 497 2082 657 2128; x_wconf 77' lang='lat' dir='ltr'>praeter</span> <span class='ocrx_word' id='word_1_300' title='bbox 695 2083 937 2115; x_wconf 76' lang='lat' dir='ltr'>mortuam.</span> <span class='ocrx_word' id='word_1_301' title='bbox 1025 2075 1064 2115; x_wconf 89' lang='lat' dir='ltr'><strong>A</strong></span> <span class='ocrx_word' id='word_1_302' title='bbox 1094 2068 1190 2116; x_wconf 85' lang='lat' dir='ltr'>solo</span> <span class='ocrx_word' id='word_1_303' title='bbox 1231 2071 1365 2116; x_wconf 87' lang='lat' dir='ltr'>corde</span> <span class='ocrx_word' id='word_1_304' title='bbox 1400 2069 1480 2116; x_wconf 83' lang='lat' dir='ltr'>esse</span> <span class='ocrx_word' id='word_1_305' title='bbox 1520 2069 1615 2116; x_wconf 86' lang='lat' dir='ltr'>vim</span> <span class='ocrx_word' id='word_1_306' title='bbox 1658 2086 1918 2119; x_wconf 85' lang='lat' dir='ltr'>moventem</span> <span class='ocrx_word' id='word_1_307' title='bbox 1954 2071 2236 2134; x_wconf 80' lang='lat' dir='ltr'>sanguinem.</span> 
     </span>
     <span class='ocr_line' id='line_1_31' title="bbox 185 2131 2235 2195; baseline 0 -15"><span class='ocrx_word' id='word_1_308' title='bbox 185 2135 416 2181; x_wconf 75' lang='lat' dir='ltr'>Numeros</span> <span class='ocrx_word' id='word_1_309' title='bbox 448 2131 658 2191; x_wconf 66' lang='lat' dir='ltr'>pulsuum</span> <span class='ocrx_word' id='word_1_310' title='bbox 696 2131 928 2179; x_wconf 71' lang='lat' dir='ltr'>definivit,</span> <span class='ocrx_word' id='word_1_311' title='bbox 978 2134 1125 2179; x_wconf 85' lang='lat' dir='ltr'>multo</span> <span class='ocrx_word' id='word_1_312' title='bbox 1162 2136 1421 2193; x_wconf 85' lang='lat' dir='ltr'>pauciores,</span> <span class='ocrx_word' id='word_1_313' title='bbox 1472 2147 1607 2193; x_wconf 88' lang='lat' dir='ltr'>quam</span> <span class='ocrx_word' id='word_1_314' title='bbox 1641 2136 1807 2195; x_wconf 86' lang='lat' dir='ltr'>nuperi</span> <span class='ocrx_word' id='word_1_315' title='bbox 1839 2136 1979 2195; x_wconf 86' lang='lat' dir='ltr'>aliqui</span> <span class='ocrx_word' id='word_1_316' title='bbox 2015 2134 2235 2183; x_wconf 73' lang='lat' dir='ltr'>fecerunt..</span> 
     </span>
     <span class='ocr_line' id='line_1_32' title="bbox 159 2194 2239 2260; baseline 0 -17"><span class='ocrx_word' id='word_1_317' title='bbox 159 2250 161 2253; x_wconf 18' lang='lat'>⁸</span> <span class='ocrx_word' id='word_1_318' title='bbox 185 2198 415 2254; x_wconf 74' lang='lat' dir='ltr'>Humores</span> <span class='ocrx_word' id='word_1_319' title='bbox 437 2195 556 2242; x_wconf 87' lang='lat' dir='ltr'>fetus</span> <span class='ocrx_word' id='word_1_320' title='bbox 581 2198 635 2242; x_wconf 89' lang='lat' dir='ltr'>ab</span> <span class='ocrx_word' id='word_1_321' title='bbox 662 2195 862 2242; x_wconf 87' lang='lat' dir='ltr'>hominis</span> <span class='ocrx_word' id='word_1_322' title='bbox 892 2196 1035 2242; x_wconf 75' lang='lat' dir='ltr'>adulti</span> <span class='ocrx_word' id='word_1_323' title='bbox 1063 2195 1333 2243; x_wconf 82' lang='lat' dir='ltr'>humoribus</span> <span class='ocrx_word' id='word_1_324' title='bbox 1370 2194 1564 2244; x_wconf 82' lang='lat' dir='ltr'>differre.</span> <span class='ocrx_word' id='word_1_325' title='bbox 1652 2200 1722 2245; x_wconf 87' lang='lat' dir='ltr'>De</span> <span class='ocrx_word' id='word_1_326' title='bbox 1751 2200 1952 2246; x_wconf 83' lang='lat' dir='ltr'>utilitate</span> <span class='ocrx_word' id='word_1_327' title='bbox 1986 2199 2239 2260; x_wconf 45' lang='lat' dir='ltr'>respiratio*</span> 
     </span>
     <span class='ocr_line' id='line_1_33' title="bbox 187 2259 2236 2320; baseline 0.002 -14"><span class='ocrx_word' id='word_1_328' title='bbox 187 2261 258 2306; x_wconf 90' lang='lat' dir='ltr'>nis</span> <span class='ocrx_word' id='word_1_329' title='bbox 282 2261 497 2306; x_wconf 60' lang='lat' dir='ltr'>amoliat:</span> <span class='ocrx_word' id='word_1_330' title='bbox 535 2262 797 2319; x_wconf 82' lang='lat' dir='ltr'>pulmonem</span> <span class='ocrx_word' id='word_1_331' title='bbox 821 2276 940 2305; x_wconf 86' lang='lat' dir='ltr'>mere</span> <span class='ocrx_word' id='word_1_332' title='bbox 963 2259 1228 2306; x_wconf 83' lang='lat' dir='ltr'>cellulosum</span> <span class='ocrx_word' id='word_1_333' title='bbox 1248 2259 1369 2308; x_wconf 83' lang='lat' dir='ltr'>facit.</span> <span class='ocrx_word' id='word_1_334' title='bbox 1438 2259 1797 2320; x_wconf 81' lang='lat' dir='ltr'>Respirationem</span> <span class='ocrx_word' id='word_1_335' title='bbox 1827 2262 1907 2310; x_wconf 80' lang='lat' dir='ltr'>effe</span> <span class='ocrx_word' id='word_1_336' title='bbox 1933 2280 1959 2309; x_wconf 90' lang='lat' dir='ltr'>a</span> <span class='ocrx_word' id='word_1_337' title='bbox 1982 2265 2236 2310; x_wconf 83' lang='lat' dir='ltr'>voluntate.</span> 
     </span>
     <span class='ocr_line' id='line_1_34' title="bbox 187 2321 2240 2386; baseline 0 -15"><span class='ocrx_word' id='word_1_338' title='bbox 187 2325 438 2371; x_wconf 80' lang='lat' dir='ltr'>Literarum</span> <span class='ocrx_word' id='word_1_339' title='bbox 467 2321 787 2369; x_wconf 80' lang='lat' dir='ltr'>formationem</span> <span class='ocrx_word' id='word_1_340' title='bbox 817 2324 872 2369; x_wconf 90' lang='lat' dir='ltr'>ad</span> <span class='ocrx_word' id='word_1_341' title='bbox 895 2321 970 2369; x_wconf 87' lang='lat' dir='ltr'>sua</span> <span class='ocrx_word' id='word_1_342' title='bbox 998 2324 1305 2382; x_wconf 83' lang='lat' dir='ltr'>experimenta</span> <span class='ocrx_word' id='word_1_343' title='bbox 1335 2323 1558 2384; x_wconf 85' lang='lat' dir='ltr'>expressit.</span> <span class='ocrx_word' id='word_1_344' title='bbox 1641 2327 1822 2373; x_wconf 89' lang='lat' dir='ltr'>Nervos</span> <span class='ocrx_word' id='word_1_345' title='bbox 1854 2343 2002 2386; x_wconf 84' lang='lat' dir='ltr'>neque</span> <span class='ocrx_word' id='word_1_346' title='bbox 2038 2327 2240 2373; x_wconf 60' lang='lat' dir='ltr'>elasiicos=</span> 
     </span>
     <span class='ocr_line' id='line_1_35' title="bbox 188 2384 2236 2451; baseline 0.001 -18"><span class='ocrx_word' id='word_1_347' title='bbox 188 2386 270 2433; x_wconf 87' lang='lat' dir='ltr'>effe</span> <span class='ocrx_word' id='word_1_348' title='bbox 287 2421 299 2440; x_wconf 88' lang='lat'>,</span> <span class='ocrx_word' id='word_1_349' title='bbox 339 2403 484 2446; x_wconf 85' lang='lat' dir='ltr'>neque</span> <span class='ocrx_word' id='word_1_350' title='bbox 507 2388 804 2433; x_wconf 68' lang='lat' dir='ltr'>contrafflles.</span> <span class='ocrx_word' id='word_1_351' title='bbox 873 2387 927 2433; x_wconf 90' lang='lat' dir='ltr'>In</span> <span class='ocrx_word' id='word_1_352' title='bbox 946 2384 1253 2433; x_wconf 76' lang='lat' dir='ltr'>musculorum</span> <span class='ocrx_word' id='word_1_353' title='bbox 1281 2402 1414 2434; x_wconf 81' lang='lat' dir='ltr'>motu</span> <span class='ocrx_word' id='word_1_354' title='bbox 1437 2389 1642 2436; x_wconf 84' lang='lat' dir='ltr'>distinxit</span> <span class='ocrx_word' id='word_1_355' title='bbox 1662 2391 1758 2435; x_wconf 89' lang='lat' dir='ltr'>vim</span> <span class='ocrx_word' id='word_1_356' title='bbox 1784 2405 2028 2444; x_wconf 86' lang='lat' dir='ltr'>mortuam,</span> <span class='ocrx_word' id='word_1_357' title='bbox 2065 2408 2163 2451; x_wconf 64' lang='lat' dir='ltr'>quac</span> <span class='ocrx_word' id='word_1_358' title='bbox 2187 2392 2236 2436; x_wconf 85' lang='lat' dir='ltr'>in</span> 
     </span>
     <span class='ocr_line' id='line_1_36' title="bbox 186 2448 2233 2514; baseline 0 -17"><span class='ocrx_word' id='word_1_359' title='bbox 186 2450 302 2498; x_wconf 87' lang='lat' dir='ltr'>fibra</span> <span class='ocrx_word' id='word_1_360' title='bbox 323 2453 468 2496; x_wconf 88' lang='lat' dir='ltr'>multo</span> <span class='ocrx_word' id='word_1_361' title='bbox 492 2466 516 2495; x_wconf 90' lang='lat' dir='ltr'>a</span> <span class='ocrx_word' id='word_1_362' title='bbox 542 2462 687 2496; x_wconf 89' lang='lat' dir='ltr'>morte</span> <span class='ocrx_word' id='word_1_363' title='bbox 702 2463 904 2510; x_wconf 88' lang='lat' dir='ltr'>tempore</span> <span class='ocrx_word' id='word_1_364' title='bbox 929 2448 1123 2510; x_wconf 86' lang='lat' dir='ltr'>superest</span> <span class='ocrx_word' id='word_1_365' title='bbox 1137 2469 1150 2502; x_wconf 83' lang='lat'><em>3</em></span> <span class='ocrx_word' id='word_1_366' title='bbox 1181 2451 1275 2496; x_wconf 91' lang='lat' dir='ltr'>vim</span> <span class='ocrx_word' id='word_1_367' title='bbox 1289 2450 1483 2506; x_wconf 78' lang='lat' dir='ltr'>inlitam,</span> <span class='ocrx_word' id='word_1_368' title='bbox 1521 2470 1622 2514; x_wconf 78' lang='lat' dir='ltr'>quae</span> <span class='ocrx_word' id='word_1_369' title='bbox 1639 2454 1823 2512; x_wconf 89' lang='lat' dir='ltr'>paulum</span> <span class='ocrx_word' id='word_1_370' title='bbox 1837 2454 1942 2500; x_wconf 82' lang='lat' dir='ltr'>vitae</span> <span class='ocrx_word' id='word_1_371' title='bbox 1958 2451 2233 2514; x_wconf 58' lang='lat' dir='ltr'>superviviss</span> 
     </span>
     <span class='ocr_line' id='line_1_37' title="bbox 186 2515 2234 2577; baseline -0 -16"><span class='ocrx_word' id='word_1_372' title='bbox 186 2516 282 2561; x_wconf 89' lang='lat' dir='ltr'>vim</span> <span class='ocrx_word' id='word_1_373' title='bbox 309 2529 517 2560; x_wconf 82' lang='lat' dir='ltr'>nerveam</span> <span class='ocrx_word' id='word_1_374' title='bbox 536 2547 548 2566; x_wconf 90' lang='lat'><strong>‚</strong></span> <span class='ocrx_word' id='word_1_375' title='bbox 587 2529 687 2573; x_wconf 82' lang='lat' dir='ltr'>quae</span> <span class='ocrx_word' id='word_1_376' title='bbox 715 2530 792 2573; x_wconf 89' lang='lat' dir='ltr'>per</span> <span class='ocrx_word' id='word_1_377' title='bbox 816 2530 981 2560; x_wconf 87' lang='lat' dir='ltr'>nervos</span> <span class='ocrx_word' id='word_1_378' title='bbox 1014 2515 1197 2560; x_wconf 86' lang='lat' dir='ltr'>accedit.</span> <span class='ocrx_word' id='word_1_379' title='bbox 1268 2516 1468 2561; x_wconf 85' lang='lat' dir='ltr'>Omnem</span> <span class='ocrx_word' id='word_1_380' title='bbox 1490 2515 1762 2577; x_wconf 78' lang='lat' dir='ltr'>hypothesin</span> <span class='ocrx_word' id='word_1_381' title='bbox 1787 2534 1812 2563; x_wconf 81' lang='lat' dir='ltr'>a</span> <span class='ocrx_word' id='word_1_382' title='bbox 1835 2530 1965 2563; x_wconf 90' lang='lat' dir='ltr'>motu</span> <span class='ocrx_word' id='word_1_383' title='bbox 1994 2515 2234 2563; x_wconf 80' lang='lat' dir='ltr'>musculari</span> 
     </span>
     <span class='ocr_line' id='line_1_38' title="bbox 188 2575 2235 2640; baseline 0 -16"><span class='ocrx_word' id='word_1_384' title='bbox 188 2589 408 2624; x_wconf 86' lang='lat' dir='ltr'>removet.</span> <span class='ocrx_word' id='word_1_385' title='bbox 488 2577 788 2622; x_wconf 81' lang='lat' dir='ltr'>Voluntarios</span> <span class='ocrx_word' id='word_1_386' title='bbox 819 2575 1047 2623; x_wconf 69' lang='lat' dir='ltr'>musculos</span> <span class='ocrx_word' id='word_1_387' title='bbox 1067 2593 1092 2621; x_wconf 91' lang='lat' dir='ltr'>a</span> <span class='ocrx_word' id='word_1_388' title='bbox 1119 2575 1379 2637; x_wconf 83' lang='lat' dir='ltr'>spontaneis</span> <span class='ocrx_word' id='word_1_389' title='bbox 1417 2576 1595 2626; x_wconf 81' lang='lat' dir='ltr'>differre</span> <span class='ocrx_word' id='word_1_390' title='bbox 1619 2615 1631 2634; x_wconf 83' lang='lat'><strong><em>,</em></strong></span> <span class='ocrx_word' id='word_1_391' title='bbox 1678 2581 1800 2640; x_wconf 86' lang='lat' dir='ltr'>quod</span> <span class='ocrx_word' id='word_1_392' title='bbox 1826 2580 1895 2626; x_wconf 85' lang='lat' dir='ltr'>isti</span> <span class='ocrx_word' id='word_1_393' title='bbox 1923 2581 2061 2639; x_wconf 83' lang='lat' dir='ltr'>magis</span> <span class='ocrx_word' id='word_1_394' title='bbox 2089 2580 2235 2624; x_wconf 79' lang='lat' dir='ltr'>irrita-</span> 
     </span>
     <span class='ocr_line' id='line_1_39' title="bbox 190 2639 2233 2703; baseline -0 -15"><span class='ocrx_word' id='word_1_395' title='bbox 190 2643 301 2688; x_wconf 84' lang='lat' dir='ltr'>biles</span> <span class='ocrx_word' id='word_1_396' title='bbox 329 2640 430 2687; x_wconf 83' lang='lat' dir='ltr'>sint.</span> <span class='ocrx_word' id='word_1_397' title='bbox 519 2639 860 2699; x_wconf 86' lang='lat' dir='ltr'>Perspirationis</span> <span class='ocrx_word' id='word_1_398' title='bbox 885 2640 1149 2699; x_wconf 68' lang='lat' dir='ltr'>dignitatem</span> <span class='ocrx_word' id='word_1_399' title='bbox 1182 2639 1399 2689; x_wconf 63' lang='lat' dir='ltr'>hactenus</span> <span class='ocrx_word' id='word_1_400' title='bbox 1419 2643 1601 2696; x_wconf 83' lang='lat' dir='ltr'>minuit,</span> <span class='ocrx_word' id='word_1_401' title='bbox 1634 2656 1689 2690; x_wconf 81' lang='lat' dir='ltr'>ut</span> <span class='ocrx_word' id='word_1_402' title='bbox 1710 2643 1763 2690; x_wconf 86' lang='lat' dir='ltr'>sit</span> <span class='ocrx_word' id='word_1_403' title='bbox 1784 2642 2061 2703; x_wconf 73' lang='lat' dir='ltr'>potissimum</span> <span class='ocrx_word' id='word_1_404' title='bbox 2086 2658 2109 2687; x_wconf 91' lang='lat' dir='ltr'>a</span> <span class='ocrx_word' id='word_1_405' title='bbox 2130 2643 2233 2687; x_wconf 80' lang='lat' dir='ltr'>cibo</span> 
     </span>
     <span class='ocr_line' id='line_1_40' title="bbox 193 2704 2233 2767; baseline 0 -16"><span class='ocrx_word' id='word_1_406' title='bbox 193 2708 234 2751; x_wconf 63' lang='grc' dir='ltr'>ὃς</span> <span class='ocrx_word' id='word_1_407' title='bbox 264 2716 401 2764; x_wconf 88' lang='lat' dir='ltr'>potu,</span> <span class='ocrx_word' id='word_1_408' title='bbox 437 2715 492 2750; x_wconf 90' lang='lat' dir='ltr'>ut</span> <span class='ocrx_word' id='word_1_409' title='bbox 514 2714 663 2750; x_wconf 84' lang='lat' dir='ltr'>tamen</span> <span class='ocrx_word' id='word_1_410' title='bbox 697 2704 830 2750; x_wconf 83' lang='lat' dir='ltr'>etiam</span> <span class='ocrx_word' id='word_1_411' title='bbox 861 2720 981 2750; x_wconf 85' lang='lat' dir='ltr'>acres</span> <span class='ocrx_word' id='word_1_412' title='bbox 1009 2704 1180 2763; x_wconf 84' lang='lat' dir='ltr'>aliquas</span> <span class='ocrx_word' id='word_1_413' title='bbox 1202 2707 1243 2750; x_wconf 70' lang='grc' dir='ltr'><strong>ἃ</strong></span> <span class='ocrx_word' id='word_1_414' title='bbox 1269 2706 1500 2753; x_wconf 87' lang='lat' dir='ltr'>nocituras</span> <span class='ocrx_word' id='word_1_415' title='bbox 1525 2709 1764 2767; x_wconf 87' lang='lat' dir='ltr'>particulas</span> <span class='ocrx_word' id='word_1_416' title='bbox 1791 2705 1948 2752; x_wconf 71' lang='lat' dir='ltr'>difflet.</span> <span class='ocrx_word' id='word_1_417' title='bbox 2018 2706 2072 2751; x_wconf 89' lang='lat' dir='ltr'>ln</span> <span class='ocrx_word' id='word_1_418' title='bbox 2096 2708 2233 2752; x_wconf 90' lang='lat' dir='ltr'>oculo</span> 
     </span>
     <span class='ocr_line' id='line_1_41' title="bbox 191 2765 2235 2828; baseline 0 -14"><span class='ocrx_word' id='word_1_419' title='bbox 191 2768 408 2820; x_wconf 81' lang='lat' dir='ltr'>ostendit,</span> <span class='ocrx_word' id='word_1_420' title='bbox 447 2766 605 2813; x_wconf 88' lang='lat' dir='ltr'>iridem</span> <span class='ocrx_word' id='word_1_421' title='bbox 638 2783 797 2827; x_wconf 85' lang='lat' dir='ltr'>parum</span> <span class='ocrx_word' id='word_1_422' title='bbox 828 2780 905 2814; x_wconf 85' lang='lat' dir='ltr'>aut</span> <span class='ocrx_word' id='word_1_423' title='bbox 930 2765 1094 2813; x_wconf 79' lang='lat' dir='ltr'>sentire</span> <span class='ocrx_word' id='word_1_424' title='bbox 1114 2801 1128 2820; x_wconf 86' lang='grc'>,</span> <span class='ocrx_word' id='word_1_425' title='bbox 1174 2781 1254 2814; x_wconf 83' lang='lat' dir='ltr'>aut</span> <span class='ocrx_word' id='word_1_426' title='bbox 1286 2770 1550 2816; x_wconf 86' lang='lat' dir='ltr'>irritabilem</span> <span class='ocrx_word' id='word_1_427' title='bbox 1583 2769 1682 2821; x_wconf 81' lang='lat' dir='ltr'>effe.</span> <span class='ocrx_word' id='word_1_428' title='bbox 1749 2770 1966 2815; x_wconf 83' lang='lat' dir='ltr'>Retinam</span> <span class='ocrx_word' id='word_1_429' title='bbox 2000 2767 2098 2814; x_wconf 86' lang='lat' dir='ltr'>fieri</span> <span class='ocrx_word' id='word_1_430' title='bbox 2134 2771 2235 2828; x_wconf 91' lang='lat' dir='ltr'>pul-</span> 
     </span>
     <span class='ocr_line' id='line_1_42' title="bbox 191 2829 2234 2892; baseline 0 -15"><span class='ocrx_word' id='word_1_431' title='bbox 191 2829 296 2890; x_wconf 83' lang='lat' dir='ltr'>posa</span> <span class='ocrx_word' id='word_1_432' title='bbox 326 2844 518 2884; x_wconf 86' lang='lat' dir='ltr'>natura,</span> <span class='ocrx_word' id='word_1_433' title='bbox 561 2832 602 2876; x_wconf 66' lang='grc' dir='ltr'>ἃ</span> <span class='ocrx_word' id='word_1_434' title='bbox 636 2829 855 2884; x_wconf 84' lang='lat' dir='ltr'>vasculis,</span> <span class='ocrx_word' id='word_1_435' title='bbox 905 2834 945 2878; x_wconf 85' lang='lat'>&amp;</span> <span class='ocrx_word' id='word_1_436' title='bbox 977 2831 1157 2876; x_wconf 85' lang='lat' dir='ltr'>demum</span> <span class='ocrx_word' id='word_1_437' title='bbox 1184 2849 1239 2877; x_wconf 79' lang='lat' dir='ltr'>ex</span> <span class='ocrx_word' id='word_1_438' title='bbox 1273 2830 1398 2879; x_wconf 86' lang='lat' dir='ltr'>fibris</span> <span class='ocrx_word' id='word_1_439' title='bbox 1425 2831 1556 2892; x_wconf 81' lang='lat' dir='ltr'>super</span> <span class='ocrx_word' id='word_1_440' title='bbox 1588 2847 1770 2879; x_wconf 84' lang='lat' dir='ltr'>tenuem</span> <span class='ocrx_word' id='word_1_441' title='bbox 1806 2829 2062 2877; x_wconf 84' lang='lat' dir='ltr'>cellulosam</span> <span class='ocrx_word' id='word_1_442' title='bbox 2097 2834 2234 2878; x_wconf 80' lang='lat' dir='ltr'>telam</span> 
     </span>
     <span class='ocr_line' id='line_1_43' title="bbox 193 2893 2231 2954; baseline 0.001 -16"><span class='ocrx_word' id='word_1_443' title='bbox 193 2893 419 2952; x_wconf 84' lang='lat' dir='ltr'>expansis,</span> <span class='ocrx_word' id='word_1_444' title='bbox 456 2896 498 2941; x_wconf 63' lang='grc' dir='ltr'>ὃς</span> <span class='ocrx_word' id='word_1_445' title='bbox 527 2895 686 2954; x_wconf 83' lang='lat' dir='ltr'>utique</span> <span class='ocrx_word' id='word_1_446' title='bbox 707 2911 762 2941; x_wconf 81' lang='lat' dir='ltr'>ex</span> <span class='ocrx_word' id='word_1_447' title='bbox 784 2894 982 2941; x_wconf 71' lang='lat' dir='ltr'>medulla</span> <span class='ocrx_word' id='word_1_448' title='bbox 1010 2911 1086 2954; x_wconf 80' lang='lat' dir='ltr'>per</span> <span class='ocrx_word' id='word_1_449' title='bbox 1115 2893 1323 2941; x_wconf 77' lang='lat' dir='ltr'>cribrosae</span> <span class='ocrx_word' id='word_1_450' title='bbox 1348 2897 1524 2944; x_wconf 64' lang='lat' dir='ltr'>lamina:</span> <span class='ocrx_word' id='word_1_451' title='bbox 1544 2895 1764 2941; x_wconf 77' lang='lat' dir='ltr'>foramina</span> <span class='ocrx_word' id='word_1_452' title='bbox 1793 2895 2059 2941; x_wconf 81' lang='lat' dir='ltr'>continuata</span> <span class='ocrx_word' id='word_1_453' title='bbox 2093 2894 2231 2941; x_wconf 70' lang='lat' dir='ltr'>nasci.</span> 
     </span>
     <span class='ocr_line' id='line_1_44' title="bbox 192 2956 2232 3022; baseline -0 -20"><span class='ocrx_word' id='word_1_454' title='bbox 192 2956 400 3006; x_wconf 82' lang='lat' dir='ltr'>Animam</span> <span class='ocrx_word' id='word_1_455' title='bbox 431 2974 526 3005; x_wconf 88' lang='lat' dir='ltr'>non</span> <span class='ocrx_word' id='word_1_456' title='bbox 556 2970 688 3021; x_wconf 85' lang='lat' dir='ltr'>putat</span> <span class='ocrx_word' id='word_1_457' title='bbox 712 2975 874 3021; x_wconf 75' lang='lat' dir='ltr'>corpus</span> <span class='ocrx_word' id='word_1_458' title='bbox 902 2957 1035 3010; x_wconf 76' lang='lat' dir='ltr'>suum</span> <span class='ocrx_word' id='word_1_459' title='bbox 1060 2974 1226 3022; x_wconf 75' lang='lat' dir='ltr'>regere.</span> <span class='ocrx_word' id='word_1_460' title='bbox 1296 2960 1481 3006; x_wconf 74' lang='lat' dir='ltr'>Motum</span> <span class='ocrx_word' id='word_1_461' title='bbox 1506 2957 1826 3021; x_wconf 81' lang='lat' dir='ltr'>peristalticum</span> <span class='ocrx_word' id='word_1_462' title='bbox 1861 2960 2096 3009; x_wconf 83' lang='lat' dir='ltr'>ventriculi</span> <span class='ocrx_word' id='word_1_463' title='bbox 2125 2974 2232 3003; x_wconf 78' lang='lat' dir='ltr'>con-</span> 
     </span>
    </p>

    <p class='ocr_par' dir='ltr' id='par_1_7' title="bbox 1255 3020 2229 3076">
     <span class='ocr_line' id='line_1_45' title="bbox 1255 3020 2229 3076; baseline -0.002 -7"><span class='ocrx_word' id='word_1_464' title='bbox 1255 3022 1294 3069; x_wconf 72' lang='lat' dir='ltr'>C</span> <span class='ocrx_word' id='word_1_465' title='bbox 1315 3037 1338 3069; x_wconf 78' lang='lat' dir='ltr'>c</span> <span class='ocrx_word' id='word_1_466' title='bbox 1369 3033 1399 3073; x_wconf 66' lang='grc'>3</span> <span class='ocrx_word' id='word_1_467' title='bbox 2062 3020 2229 3076; x_wconf 46' lang='lat' dir='ltr'>firmat.</span> 
     </span>
    </p>
   </div>
  </div>
 </body>
</html>
