2531 3394
687 95 880 158 5928.
951 99 1334 154 ALBERrUs
1381 115 1492 154 von
1536 107 1845 164 HALLER.
1932 103 1935 105 ’
2090 87 2111 135 7
2188 131 2284 184 αις

225 230 319 278 duo
352 230 440 277 alia
464 227 703 277 tubercula
729 228 994 285 olfactoria3
1037 232 1248 294 glandula
1275 232 1506 293 pituitaria
1537 249 1702 283 nervos
1731 256 1967 299 generans,
2036 246 2289 298 Cer-ebrum

223 296 360 348 inter,
393 297 435 341 &
461 291 739 341 duriffimam
762 297 1070 342 membranam
1094 297 1249 342 cranio
1274 295 1486 350 adfixam,
1521 296 1713 358 spatium
1738 303 1867 364 adipe
1887 308 2059 366 liquido
2083 314 2287 372 plenum.

221 360 370 406 Nervi
398 362 538 420 optici
566 358 794 412 decussati,
831 377 927 406 non
953 358 1268 412 coalescentes,
1297 358 1373 406 sed
1394 378 1472 420 per
1495 363 1803 413 commissuras
1824 371 2073 429 conjundti.
2135 379 2288 426 Multa

221 437 334 470 vero
354 423 424 469 v‘est
451 424 501 470 in
526 425 712 484 reliquis
741 425 949 470 varietas.
1016 424 1131 471 Non
1163 439 1260 470 uno
1290 425 1390 470 loco
1419 440 1588 474 nervus
1612 430 1791 488 opticus
1814 431 2035 487 nascitur,
2074 435 2147 483 sed
2173 445 2288 489 mul-

220 489 278 534 tis
305 487 532 535 radicibus
559 487 697 535 fibras
725 503 781 534 ex
809 487 996 535 cerebro
1025 488 1214 549 colligit.
1286 489 1568 536 Glandulam
1591 492 1818 552 pinealem
1846 497 1924 543 alii
1947 496 2085 558 pisces
2103 500 2285 559 habent,

218 553 296 599 alii
318 554 521 600 minime.

363 639 503 696 Opera
531 637 774 682 anatomica
807 636 976 679 minora
1002 633 1057 679 T.
1083 633 1118 678 I.
1167 632 1393 680 Lausann.
1426 642 1559 693 1762.
1584 639 1665 696 4*
1729 639 1947 701 Pleraque
1973 644 2144 704 priores
2175 648 2291 696 dista

220 697 357 753 sunt,
394 701 468 746 hic
497 715 600 745 cum
634 698 733 744 aliis
770 697 1169 744 emendationibus
1197 696 1366 745 recusa.
1433 702 1640 748 Multum
1680 717 1879 758 mutata,
1915 709 1956 752 &t
1986 711 2120 756 novis
2147 704 2291 758 itioni-

220 766 308 812 bus
339 767 469 811 aneia
494 761 587 810 diss.
616 762 668 808 de
689 762 871 807 vulvula
893 762 1198 808 EUSTACHH.
1267 763 1475 809 Multum
1502 769 1633 812 aucta
1666 773 1953 828 experimenta
1977 770 2029 817 de
2055 785 2172 820 motu
2189 775 2291 834 fim-

215 831 381 892 guimh,
418 830 460 874 Sc
487 844 540 874 eo
565 827 807 879 translata,
844 841 945 885 quae
973 825 1030 870 ad
1059 826 1206 873 cordis
1231 839 1409 873 motum
1438 825 1663 887 spectant,
1701 834 1742 878 ἃ
1769 833 1825 878 ad
1860 834 2032 881 cerebri
2056 850 2233 884 motum
2265 856 2290 886 a

221 886 517 954 respiratione
542 889 825 952 profedtum,
863 887 1139 950 pulsumque
1169 907 1299 937 venae
1332 893 1623 950 pulmonalis.
1694 895 2010 946 Confirmatur
2041 899 2116 948 hic
2146 902 2287 957 ordo,

220 973 314 1017 quo
346 957 519 1016 priores
546 957 589 1001 δι
621 954 887 1014 posteriores
915 955 1061 1001 cordis
1087 966 1233 1014 partes
1258 968 1529 1010 moventur,
1565 960 1607 1004 δε
1639 960 1719 1019 qui
1748 960 1870 1008 idem
1901 962 1963 1009 est
1994 980 2098 1011 cum
2127 966 2288 1014 ordine

221 1021 507 1066 advenientis
538 1017 769 1078 sanguinis
807 1017 976 1065 venosi.
1048 1018 1213 1065 Cordis
1257 1021 1325 1064 vis
1363 1022 1535 1066 motrix
1578 1040 1737 1070 omnes
1763 1025 1871 1072 alias
1904 1030 2105 1088 corporis
2139 1045 2287 1090 partes

220 1083 424 1144 superat,
460 1083 673 1130 intestina
699 1083 835 1128 etiam
864 1080 1131 1143 longissime.
1203 1081 1462 1140 Quiescunt
1488 1086 1642 1144 primae
1674 1100 1822 1148 partes
1855 1092 2032 1144 cordis,
2067 1110 2092 1139 a
2120 1094 2288 1153 quibus

221 1152 349 1210 prius
379 1148 585 1194 stimulus
614 1148 864 1200 avertitur,
901 1148 1099 1199 ultimae,
1138 1163 1242 1193 cum
1270 1147 1439 1207 quibus
1463 1150 1638 1197 diutius
1672 1165 1839 1200 manet.
1909 1155 2057 1203 Nervi
2083 1157 2201 1205 nihil
2231 1161 2287 1205 ad

215 1213 371 1259 >cordis
397 1224 577 1258 motum
604 1209 803 1265 faciunt,
844 1211 968 1272 quod
995 1224 1115 1257 certe
1145 1210 1280 1271 poffis
1312 1211 1511 1260 sensibus
1543 1214 1804 1276 perspicere.
1897 1219 1991 1266 Cor
2021 1220 2205 1269 brevius
2233 1223 2287 1270 fit

220 1278 270 1323 in
300 1277 641 1328 contrafflone‚
685 1292 832 1335 neque
868 1289 1021 1322 tamen
1056 1277 1190 1336 pallet
1212 1310 1224 1329 ‚
1281 1275 1364 1322 nisi
1402 1278 1587 1336 quando
1627 1279 1913 1342 perspicuum
1946 1283 2021 1330 est.
2110 1287 2286 1334 Totum

221 1341 443 1386 inanitur.
511 1340 748 1387 Relaxatio
775 1356 872 1385 non
902 1340 964 1386 est
995 1342 1111 1387 aetio
1139 1340 1314 1393 cordis,
1352 1339 1427 1387 sed
1450 1344 1577 1401 quies
1598 1361 1612 1395 3
1660 1361 1760 1404 quac
1785 1346 1835 1392 in
1862 1359 2009 1394 morte
2048 1364 2285 1410 perennat.

221 1404 487 1451 Coronariae
523 1405 694 1450 arteriae
722 1405 881 1450 eodem
912 1415 1116 1465 tempore
1148 1403 1316 1451 saliunt
1350 1422 1454 1451 cum
1489 1408 1589 1453 aliis
1625 1408 1824 1456 universi
1852 1413 2055 1472 eorporis
2094 1418 2283 1463 arteriis.

218 1470 290 1516 De
324 1469 645 1528 experimentis
681 1468 735 1513 ad
768 1467 1110 1528 respirationem
1142 1468 1456 1516 illustrandam
1497 1469 1658 1523 faffls3
1709 1474 1817 1520 inde
1843 1489 2018 1523 remota
2048 1478 2280 1538 praefatio,

220 1549 310 1592 qua
352 1533 442 1579 litis
483 1531 669 1578 historia
708 1534 972 1578 continetur
1085 1534 1140 1579 ln
1174 1531 1463 1593 responsione
1501 1535 1557 1581 ad
1591 1537 1871 1597 objectiones
1909 1543 2128 1601 reperias,
2180 1561 2281 1605 quae

219 1596 508 1644 WnYT‘mo
526 1631 538 1649 ,
565 1597 602 1642 le
629 1597 793 1645 CATlo
827 1599 869 1643 ἃ
894 1598 1106 1646 ΗΑΕΝΙΟ
1139 1596 1330 1658 reposita
1352 1596 1547 1645 fuerant.

346 1680 524 1726 Tomus
548 1680 612 1730 ΙΙ.
647 1676 869 1726 Lausann.
896 1685 1030 1737 1766.
1051 1676 1135 1737 4.*
1203 1679 1330 1726 Libri
1361 1679 1415 1726 de
1453 1679 1729 1729 formatione
1754 1685 1901 1733 cordis
1937 1686 1986 1734 in
2012 1690 2137 1749 pullo
2166 1692 2284 1739 mul-

217 1757 320 1792 tum
345 1745 493 1797 aucti,
532 1745 574 1790 &
607 1744 741 1789 novis
777 1743 1097 1802 experimentis
1128 1743 1351 1790 illustrati.
1417 1745 1568 1792 Nidus
1604 1745 1724 1794 fetus
1752 1749 1807 1795 ab
1836 1752 1989 1798 amnio
2016 1751 2244 1814 separatus
2265 1791 2280 1809 ‚

218 1810 349 1868 cujus
375 1824 497 1855 nova
518 1807 592 1854 hic
621 1809 753 1854 datur
789 1805 1002 1853 historia:
1045 1824 1144 1853 carn
1175 1824 1334 1855 omnes
1375 1806 1613 1869 scriptores
1645 1828 1727 1870 pro
1754 1827 1879 1872 parte
1908 1817 2171 1878 embryonis
2204 1818 2282 1867 ha-

217 1873 435 1924 buerant,
471 1885 525 1919 ut
547 1870 732 1918 crassum
761 1874 803 1918 ἃ
827 1872 942 1917 clavi
967 1869 1154 1918 similem
1179 1870 1401 1926 facerent,
1439 1875 1520 1933 qui
1545 1875 1902 1934 graeiliffimam‚
1939 1884 2105 1928 restam
2126 1895 2279 1930 tamen

217 1937 407 1982 caudam
429 1936 577 1982 habet.
647 1939 774 1982 Num
798 1937 882 1981 viae
910 1934 1020 1989 (int,
1062 1952 1173 1982 num
1200 1934 1329 1990 vasa,
1367 1954 1467 1998 quae
1493 1939 1542 1984 in
1562 1937 1710 1999 figura
1733 1940 1900 1989 venosa
1927 1945 2163 2005 adparent,
2200 1964 2283 1994 no-

216 2001 303 2047 ster
325 1999 511 2047 sollicite
534 1998 785 2060 inquisivit,
821 1997 922 2046 vasa
940 1998 1020 2046 effe
1044 2001 1222 2061 reperit.
1291 2002 1543 2048 Corollaria
1565 2006 1695 2050 aucta
1716 2023 1726 2050 :
1765 2006 1835 2052 Sic
1859 2008 1971 2055 liber
1992 2008 2043 2056 de
2048 2010 2280 2071 formatio·

216 2082 268 2111 ne
296 2065 421 2127 fetws.
493 2066 542 2112 L.
583 2066 637 2111 de
678 2064 1024 2125 quadrupedum
1071 2065 1363 2125 generatione
1407 2078 1532 2113 totus
1574 2085 1723 2114 novus
1772 2070 1846 2116 est.
1944 2074 2277 2122 Adnotationes

215 2126 325 2176 sunt
347 2135 402 2183 81
422 2163 435 2183 ,
473 2130 695 2190 pleraeque
722 2131 770 2175 in
798 2128 961 2174 ovibus
994 2127 1142 2181 faetae,
1179 2139 1334 2175 tamen
1362 2132 1403 2176 ἅ·
1441 2131 1490 2176 in
1516 2132 1614 2178 aliis
1645 2134 1930 2182 animalibus.
2020 2139 2156 2185 Fetus
2190 2141 2274 2200 pri·

217 2194 396 2240 mordia.
427 2210 611 2241 mucum
643 2191 724 2239 effe
747 2193 1036 2253 pellucidum.
1108 2194 1243 2240 Fetus
1278 2195 1432 2239 avium
1469 2196 1512 2240 &
1540 2197 1888 2257 quadrupedum
1921 2199 2002 2247 fibi
2032 2202 2114 2249 esse
2145 2202 2278 2250 simil-

220 2257 368 2303 limos.
436 2255 667 2304 Vesiculas
689 2257 825 2303 etiam
848 2257 897 2303 in
926 2257 1181 2317 virginibus
1204 2259 1403 2317 reperiri,
1441 2274 1630 2319 corpora
1654 2263 1776 2307 lutea
1805 2279 1829 2308 a
1850 2280 2015 2311 venere
2038 2266 2174 2319 nasci,
2202 2283 2276 2313 ex-

217 2336 307 2379 que
339 2319 532 2367 vesicula
563 2322 758 2373 mutari3
812 2338 862 2367 ea
898 2338 1088 2382 corpora
1124 2320 1231 2368 sunt
1269 2322 1317 2367 in
1356 2323 1531 2369 ratione
1561 2322 1737 2370 fetuum
1781 2328 1824 2373 ὃς
1856 2327 1905 2373 in
1938 2331 2095 2376 eodem
2123 2333 2272 2377 latere.

217 2383 365 2430 Tubae
395 2401 420 2430 a
445 2401 607 2430 venere
640 2385 841 2431 ovariam
871 2388 1204 2446 ampledhrntur
1222 2420 1234 2438 ‚
1265 2399 1317 2432 ut
1345 2387 1395 2432 in
1423 2403 1493 2432 eas
1521 2404 1660 2433 ovum
1687 2390 1811 2436 illabi
1830 2390 1963 2451 poffit
1981 2427 1993 2445 ‚
2031 2396 2072 2440 &
2097 2395 2271 2446 debeat,

219 2463 372 2508 eaeque
397 2460 528 2494 motu
561 2449 710 2495 valido
742 2451 927 2508 pollent.
1008 2451 1158 2497 Serius
1188 2449 1308 2498 fetus
1346 2451 1396 2496 in
1426 2452 1800 2513 quadrupedibus
1839 2455 2131 2517 conspicitur.
2200 2459 2273 2504 Se-

216 2527 324 2559 men
356 2511 405 2557 in
435 2523 564 2558 utero
593 2528 689 2557 non
719 2512 780 2558 est
804 2511 964 2559 visum.
2245 2552 2247 2555 ,

348 2593 406 2640 Τ.
430 2593 511 2639 ΙΙΙ,
540 2609 578 2638 a.
608 2606 656 2649 17
668 2599 741 2645 68.
771 2594 939 2652 prodiit
956 2595 1032 2652 43*
1099 2595 1153 2640 In
1177 2610 1228 2641 eo
1248 2595 1350 2641 libri
1375 2594 1466 2642 duo
1492 2596 1543 2643 de
1561 2600 1746 2660 monstrt}
1761 2601 1846 2646 toti
1868 2602 2033 2647 mutati
2055 2602 2270 2650 redeunt:

218 2653 365 2703 classes
397 2656 652 2703 constitutae
680 2657 1013 2710 monstrorum,
1046 2658 1093 2703 in
1119 2675 1188 2703 eas
1217 2659 1258 2704 δε
1287 2662 1553 2708 AUCTORIS
1586 2663 1903 2710 adnotationes
1929 2663 2174 2724 dispolim,
2229 2669 2272 2713 δε

219 2722 412 2766 aliorum
444 2722 511 2767 Cl.
544 2722 762 2767 virorum.
835 2722 888 2766 1¹1
932 2719 1128 2767 secundo
1166 2723 1279 2767 libro
1312 2724 1360 2769 in
1390 2722 1542 2770 causas
1578 2726 1864 2772 monstrificae
1889 2727 2064 2773 fabricae
2088 2729 2272 2789 inq-uisi-

217 2795 333 2829 tum.
402 2786 565 2844 Aliqua
599 2783 808 2844 preliioni
836 2785 977 2830 tribui
1014 2783 1219 2844 poil'unt,
1266 2789 1349 2832 alia
1384 2804 1477 2832 non
1512 2788 1691 2848 pois-unt
1725 2791 1778 2835 ab
1809 2793 1902 2835 ullo
1934 2791 2035 2837 casu
2062 2792 2173 2846 effe,
2217 2806 2272 2841 ut

216 2844 438 2894 viscerum
468 2847 687 2898 inversio,
726 2848 896 2908 digitus
930 2846 1095 2894 sextus.
1182 2851 1234 2895 In
1276 2850 1534 2911 compositis
1572 2854 1705 2898 etiam
1742 2852 1924 2902 fetubus
1953 2869 2101 2917 partes
2138 2874 2270 2905 novae

215 2913 506 2971 reperiuntur
533 2915 573 2961 &
602 2914 809 2972 vestigia,
848 2930 900 2959 ex
924 2914 1087 2972 quibus
1113 2912 1346 2975 adgnoscis
1369 2914 1449 2961 else
1473 2917 1721 2977 primogrrrz'
1765 2937 1767 2939 ·

2156 3019 2271 3068 isati
