2531 3394
610 0 657 26 ὣς

626 93 1025 159 §.1257.1258.
1093 99 1487 155 DISFUTAT,
1557 103 1857 156 DIARIA.·
2170 110 2263 168 6577

213 228 459 278 mu'cifi'eri.
509 229 739 276 Albumen
761 231 861 291 'cogi
884 230 1026 290 gradu
1054 236 1173 286 38vo
1188 229 1263 276 R„
1307 230 1460 276 Alium
1476 229 1556 276 effe
1568 231 1618 277 -in
1631 230 1848 293 sanguine
1863 241 2006 283 a'e'rem
2020 237 2074 284 ab
2090 254 2158 291 eo,
2181 236 2262 297 qui

212 295 263 341 in
294 309 409 354 aqua
434 294 510 339 est.
579 295 806 340 Humores
835 296 1063 340 animales.
1131 294 1343 339 Nutritio
1372 293 1427 352 fit
1451 293 1802 355 deposita'parte
1838 303 2105 360 congii-labili
2132 303 2178 348 in
2198 305 2262 347 lo-

211 360 334 404 culos
365 356 584 404 cellnlosae
612 359 726 404 telae.
796 360 881 404 Lac
907 358 960 403 ab
983 354 1228 402 emulfione
1264 356 1488 403 diversum
1517 358 1578 403 est
1610 361 1833 420 principio
1866 360 2016 409 faetido
2046 363 2259 412 sulfureo„

209 420 266 466 In
302 437 433 467 carne
476 424 517 467 ὃς
553 438 713 467 mucus
748 423 788 467 Sc
812 421 1006 480 gelatina
1033 419 1108 465 est.
1195 419 1338 467 Piscea
1369 423 1566 468 marinos
1592 424 1692 482 plus
1724 425 1827 469 dare
1853 428 2064 485 gelatinae
2090 427 2166 475 sed
2198 442 2262 475 te-

208 485 445 537 nuiorem,
483 502 618 545 quam
644 500 812 531 carnes.
879 484 1106 528 Animalia
1135 482 1321 542 juniora
1346 486 1447 544 plus
1477 485 1580 531 dare
1608 489 1829 546 gelatinae.

340 567 452 614 Guil.
479 568 677 613 BROWN
703 565 756 611 de
779 563 945 610 viribus
966 564 1240 626 atmosphaerae
1257 566 1460 625 sentienti
1487 559 1593 613 ociis
1626 568 1789 614 Edinb.
1815 581 1952 627 1770.

341 650 458 708 Ifimc
479 649 587 695 NEE
625 647 674 691 de
698 650 935 691 nutritione
968 647 1130 702 Edinb.
1155 659 1289 705 1770.
1321 650 1394 701 8.*
1436 649 1522 694 Pro
1547 650 1802 696 nutritione
1827 668 1906 711 per
1933 654 2130 700 arterias.
2187 655 2261 701 Li..

207 723 312 773 gato
336 729 478 758 nervo
509 727 610 757 crus
637 722 789 755 tamen
813 711 1105 756 macilentum
1136 709 1202 756 fit.

333 792 520 848 Jacobus
545 793 801 838 MACLURG
830 792 881 837 de
907 792 1045 838 calore
1078 790 1346 853 Edinburgh
1378 804 1506 852 1770.
1534 800 1575 848 8.
1617 796 1748 843 etiarn
1773 799 1972 846 animali.
2014 789 2019 793 ⁴

336 876 410 934 EJ.
457 877 749 934 Experiments
774 887 883 935 upon
911 872 978 919 the
1008 872 1165 919 human
1197 875 1299 927 bile,
1337 875 1426 920 and
1454 877 1678 936 reflexioni‘
1707 896 1760 925 on
1782 879 1850 927 the
1878 881 2033 928 bilious
2047 883 2260 942 secretiori

205 937 402 986 London
432 949 566 993 1772.
596 940 669 991 8²*
737 939 792 983 In
817 939 963 997 ampla
995 938 1337 983 introductione
1369 938 1422 983 de
1450 939 1766 1002 physiologicis
1803 946 1909 1004 agit.
1997 948 2263 994 Nervorum

204 1000 464 1048 funfflones
488 1001 541 1045 ab
570 1003 818 1048 HALLERO
845 996 1057 1046 fundatas
1078 999 1298 1060 ‘perfeclas
1324 1001 1404 1047 esse
1425 1019 1449 1048 a
1466 1004 1742 1053 CULLENIO
1758 1040 1770 1059 ,
1805 1009 1934 1068 cujus
1958 1011 2164 1068 equidem
2186 1029 2262 1058 ex-

204 1066 453 1126 perimenta
480 1081 562 1124 ego
586 1067 712 1111 nulla
737 1064 862 1110 nov-i.
932 1062 1056 1111 Bilis.
1128 1066 1498 1113 BOERHAAVJUS
1520 1069 1803 1115 HALLERUM
1823 1105 1834 1123 ‚
1874 1073 2136 1127 GAUBIUM‚
2169 1076 2261 1121 CA-

207 1143 394 1176 DETUM
420 1127 613 1174 seduxit.
683 1126 779 1187 Ipse
805 1128 870 1173 M.
898 1129 948 1173 L.
980 1128 1288 1187 experimenta
1309 1127 1416 1175 fecit
1442 1130 1491 1175 in
1518 1131 1605 1176 bile
1638 1130 1837 1180 humana
1855 1143 1952 1182 :‘ea
1979 1153 2080 1182 cum
2102 1139 2260 1184 vitrio-

206 1194 293 1238 lico
318 1208 448 1238 acore
479 1193 706 1250 extemplo
733 1192 857 1236 coit:
895 1192 1043 1242 viret3
1082 1189 1138 1237 fic
1166 1208 1268 1237 cum
1295 1193 1404 1238 nitri
1431 1193 1606 1252 spiritu.
1675 1198 1858 1256 Duplex
1892 1200 1941 1244 in
1967 1201 2056 1246 bile
2084 1200 2260 1262 phlogi-

203 1255 302 1301 ston
332 1254 438 1308 effe,
474 1257 666 1301 alterum
702 1253 828 1316 facile
865 1252 1095 1314 separatu,
1140 1254 1324 1301 difficile
1358 1259 1565 1303 alterum.
1653 1260 1792 1306 Acida
1823 1265 2088 1322 vegetabilia
2122 1265 2259 1312 bilem

201 1335 301 1365 non
325 1331 506 1378 cogunt.
575 1320 726 1379 Negat
753 1319 926 1378 adipem
961 1319 1009 1364 in
1036 1320 1123 1364 bile
1164 1319 1339 1365 ostendi
1363 1320 1494 1380 poffe.
1563 1322 1615 1368 Id
1645 1324 1770 1382 quod
1803 1341 1905 1370 cum
1936 1343 2065 1373 acore
2095 1330 2260 1376 marini

201 1381 302 1429 {alis
327 1383 519 1442 cogitur,
547 1382 665 1427 idem
701 1379 807 1434 esse,
844 1383 974 1442 cujus
1002 1383 1051 1427 in
1077 1381 1320 1443 sanguine,
1356 1384 1567 1445 lympha,
1605 1387 1744 1440 laete,
1781 1401 1944 1435 natura
1962 1392 2261 1450 coagulabilis

202 1445 277 1492 est.
345 1445 542 1492 Putredo
571 1443 730 1491 sensim
752 1461 850 1491 eam
872 1458 1079 1493 naturam
1105 1447 1304 1493 destruit.
1344 1448 1540 1494 Carnem
1565 1451 1748 1496 ovillam
1777 1451 1971 1499 acescere
1992 1456 2258 1516 priusquam

198 1508 436 1570 putrescat.
507 1507 648 1556 ssilem
670 1509 955 1569 putredinem
985 1510 1217 1569 impedire.
1288 1513 1413 1558 Laeti
1433 1514 1628 1558 maxime
1651 1517 1889 1575 analogam
1924 1516 2017 1564 effe.
2087 1521 2125 1564 A
2162 1521 2258 1580 glo-

200 1575 319 1620 bulis
339 1574 457 1634 tingi
477 1585 530 1619 ut
560 1572 756 1634 sanguis.
828 1575 884 1619 In
914 1574 1185 1621 humo-ribus
1217 1575 1381 1622 nostris
1405 1577 1681 1637 progreffum
1712 1578 1792 1624 effe
1822 1581 1876 1626 ad
1906 1598 2081 1631 acorem
2100 1617 2113 1636 ,
2159 1600 2257 1631 non

199 1637 255 1684 ad
278 1639 582 1698 putredinem.

328 1723 456 1764 Leuis
478 1720 652 1765 OD1ER
681 1718 731 1764 de
757 1716 1033 1780 cfffbntialibus
1064 1718 1220 1777 musicae
1239 1720 1551 1781 fhnsiztz’onibus
1585 1724 1749 1771 Edinb.
1778 1738 1910 1785 1770.
1939 1726 2020 1781 8.*
2074 1731 2130 1776 Et
2158 1731 2257 1778 abs-

200 1799 289 1842 que
323 1781 601 1828 oscillatione
625 1785 819 1842 partium
845 1784 1048 1842 corporis
1072 1782 1226 1830 sonori
1250 1785 1383 1833 sonos
1425 1786 1569 1841 nasci,
1609 1791 1754 1835 &cuni
1780 1807 1829 1836 ea
1852 1791 2130 1839 oscillatione
2155 1797 2257 1841 nul-

202 1848 283 1893 los.
352 1847 513 1892 Nullas
549 1858 695 1905 partes
731 1847 890 1906 organi
925 1847 1105 1893 auditus
1136 1860 1273 1894 tan-tae
1304 1850 1387 1895 effe
1423 1850 1691 1899 neceffitatis
1716 1887 1728 1907 ‚
1764 1866 1820 1901 ut
1846 1873 1896 1902 ea
1927 1856 2074 1903 amiffa
2101 1855 2256 1906 sensus

197 1921 364 1971 pereat.
432 1908 637 1956 Musica:
680 1909 809 1957 causa
831 1904 985 1971 gratiae*
1011 1911 1061 1956 in
1093 1913 1222 1958 certis
1248 1912 1575 1961 consonantiis.

710 2039 759 2097 §-
796 2040 1171 2088 MCCLVIII.
1256 2046 1420 2090 Diaria
1445 2050 1549 2091 anni
1577 2055 1713 2104 1771.

329 2139 385 2185 In
405 2140 514 2200 Hist.
540 2137 591 2184 de
613 2137 788 2185 l‘Aoad.
812 2137 882 2183 des
910 2140 1066 2186 Scienc.
1100 2151 1230 2197 1771.
1263 2141 1523 2189 GRIGNON
1559 2143 1614 2188 de
1642 2141 1736 2190 fetu
1757 2136 1900 2206 capite
1926 2145 2219 2211 semiduplici.

333 2221 523 2268 GUYON
552 2218 671 2266 fetus
690 2254 703 2274 ‚
741 2220 820 2279 qui
847 2219 900 2265 de
931 2221 1034 2267 imis
1062 2221 1228 2267 lumbis
1258 2234 1488 2269 tumorem
1515 2224 1885 2282 circumfer-ebat,
1921 2230 1968 2276 in
1990 2248 2081 2291 quo
2101 2248 2250 2296 caput,

202 2281 289 2330 offa
311 2285 481 2344 pelvis,
520 2301 569 2330 os
591 2282 779 2330 femoris
803 2285 1021 2338 alterum,
1050 2287 1136 2331 alia
1169 2284 1255 2331 offa
1281 2286 1510 2334 informia,

327 2365 481 2411 Puella
508 2363 675 2425 absque
701 2366 857 2426 lingua
882 2366 996 2412 bene
1026 2368 1232 2426 loquens.

327 2444 383 2493 ln
410 2444 520 2492 Phil.
553 2446 704 2505 Transi
728 2448 783 2493 T.
802 2448 923 2493 LXI.
953 2449 1062 2493 anni
1086 2461 1222 2506 1771.
1257 2450 1373 2497 Will,
1395 2451 1636 2500 GERSUCH
1660 2454 1825 2502 tabulae
1853 2461 2137 2507 emortuales.
2184 2463 2252 2508 Ex

199 2512 318 2557 natis
355 2515 467 2568 165,
513 2509 721 2556 homines
756 2517 847 2566 136
881 2512 1003 2558 intra
1035 2528 1206 2557 annum
1242 2511 1493 2561 secundum
1532 2517 1772 2573 obierunt,
1818 2539 1917 2581 quae
1954 2526 2150 2572 enormis
2189 2526 2252 2572 est

201 2576 388 2636 jacium.

330 2654 463 2703 Wilh.
490 2656 830 2703 RchARDSON
859 2656 913 2703 de
935 2655 1185 2719 aphidibus,
1224 2671 1361 2720 gente
1385 2663 1640 2711 numerosa.
1717 2669 1832 2722 Qae
1853 2685 1957 2714 vere
1973 2669 2026 2715 de
2043 2671 2140 2718 ovis
2160 2670 2250 2719 suis

199 2721 452 2782 prodeunt,
490 2737 551 2764 eae
578 2735 733 2765 omnes
761 2719 938 2766 feminae
966 2720 1102 2776 sunt,
1137 2724 1360 2783 vivosque
1391 2727 1578 2785 pariunt
1594 2726 1714 2775 fetus
1732 2764 1745 2782 ,
1780 2729 1942 2791 absque
1963 2750 2156 2782 venere:
2192 2735 2251 2782 sic

202 2800 354 2830 earum
390 2783 492 2830 filiae
530 2785 571 2829 Sc
606 2796 807 2843 nepotes.
876 2785 1033 2831 Tertia
1063 2789 1294 2846 generatio
1330 2791 1395 2834 M.
1416 2791 1559 2851 Junio
1597 2793 1686 2838 alas
1717 2795 1925 2853 expedit3
1972 2798 2142 2845 decima
2176 2799 2251 2845 de-

200 2854 326 2892 mum
355 2864 495 2894 mares
524 2845 684 2899 habet,
717 2864 815 2906 quae
842 2849 1036 2896 Octobri
1055 2853 1123 2898 Μ.
1151 2852 1450 2912 copulantur,
1491 2856 1534 2901 &
1564 2853 1744 2903 feminae
1770 2859 1865 2919 ejus
1889 2861 1990 2908 aevi
2014 2878 2134 2910 nova
2163 2880 2251 2910 ova

199 2911 411 2969 pariunt,
449 2912 541 2972 'jam
561 2908 821 2959 fecundata.

1197 2998 1300 3057 'Qq
1334 3014 1408 3058 qq
1441 3009 1467 3053 3
2192 3005 2249 3054 In
