2531 3394
466 138 511 164 μ
652 183 658 190 f
785 80 1256 180 §.113241134
1323 115 1768 169 s.1>.1²ALLAs.
1830 116 1833 118 ’
2212 128 2301 183 56<

243 250 471 302 musculos
500 235 723 297 daturam.
792 249 1045 297 Medullum
1074 248 1292 311 spinalem
1317 247 1512 301 habent,
1545 247 1710 309 absque
1739 251 1883 310 capite
1904 242 1958 299 ’ὃς
1985 251 2146 306 oeulis.
2210 253 2300 302 Eo.

242 316 510 377 runraliqua
527 312 631 360 sunt
645 313 938 375 androgyna,
974 325 1029 360 ut
1055 314 1104 360 in
1131 313 1289 359 eodem
1315 313 1507 359 animale
1535 314 1576 359 &
1597 314 1729 360 laetes
1760 312 1846 360 sint
1869 318 1911 361 &
1936 334 2033 364 ova.
2080 318 2299 366 Nereides

242 380 533 441 androgynae.
616 378 861 425 Lumbrici.
944 375 1109 424 Echini
1134 387 1369 429 anatome,
1406 379 1570 422 ovula:
1609 378 1651 422 ἃ
1677 376 1910 425 seminales
1933 379 2149 429 veficulae.
2223 383 2301 429 In-

241 456 309 492 ter
330 460 400 491 eas
426 441 745 502 descriptiones
769 442 941 487 marina
968 439 1075 486 sunt
1103 439 1269 499 aliqua,
1312 451 1409 486 tum
1431 441 1567 486 taenia
1594 439 2101 501 hydatigenaTYSON1‚
2130 447 2298 493 mirum

244 508 411 554 animal
438 524 492 553 ex
514 503 657 552 vesica
683 507 724 552 &
749 505 940 551 animale
966 499 1291 563 compositum,
1329 505 1455 550 nulla
1477 505 1685 564 ,partium
1712 505 1999 552 distinfflone
2015 540 2028 561 ‚
2064 520 2116 554 ut
2146 521 2299 557 tamen

242 572 459 619 irritabile
490 569 567 624 fit,
600 584 849 628 verumque
877 565 988 614 adeo
1018 568 1200 631 animal.
1291 568 1555 615 Pennatulae
1593 567 1834 630 zoophytae
1871 571 2049 631 polypis
2074 572 2296 620 obductae.

241 636 441 696 Polypus
468 635 717 682 anomalus.
771 633 904 691 Opus
939 630 1171 691 quantivis
1204 632 1350 692 pretii.
1888 661 1893 663 >

371 718 446 778 EJ.
483 714 703 777 Spicilegia
732 713 972 773 zoologica,
1008 712 1151 773 quibus
1185 730 1299 759 novae
1339 715 1539 775 imprimis
1576 711 1634 771 &J
1663 713 1843 773 obscum
1871 716 2124 764 animalium
2143 717 2299 780 species

241 781 521 841 illustrantur.
588 778 768 823 Primus
789 774 1027 823 fasciculus
1055 777 1224 836 prodiit
1251 779 1446 824 Berolin.
1479 786 1612 838 1767.
1642 781 1723 838 4.*
1743 780 1944 827 decimus
1967 781 2030 827 ib.
2061 793 2195 840 1774.
2219 778 2300 839 4*

242 846 437 893 Gazellae
466 857 608 902 genus
637 839 956 887 constitutum.
1025 841 1294 900 Cervicapra
1321 858 1424 888 cum
1457 843 1633 904 integra
1655 855 1897 890 anatome:
1939 845 2127 891 initium
2163 857 2302 893 aortae

243 907 601 966 cartilagineum.
669 904 724 949 In
738 906 793 950 T.
813 905 871 950 ΙΙ.
891 905 1032 952 ΞεινὶῑιΧ
1064 905 1264 964 porcello
1281 905 1530 952 Guineenfi
1547 905 1726 961 adfinis,
1757 924 1858 954 cum
1879 920 2114 963 anatome,
2152 907 2303 970 fingu-

239 973 321 1019 lari
344 970 513 1016 fabrica
544 970 651 1014 rec'ti
683 968 918 1021 intestini,
961 971 1002 1015 &
1028 968 1206 1015 duabus
1234 980 1286 1015 ut
1311 971 1359 1015 in
1388 970 1548 1017 avibus
1579 972 1918 1031 appendicibus.
1991 974 2073 1019 III.
2108 972 2301 1033 Vesper-

237 1035 410 1082 tilionis
435 1046 670 1084 anatome,
708 1048 914 1079 enormes
937 1031 1090 1085 testes,
1130 1049 1208 1078 cor
1229 1048 1462 1094 magnum.
1532 1035 1613 1081 IV.
1655 1036 1848 1083 Gallinae
1880 1036 2068 1084 cristatae
2095 1038 2301 1085 cranium

238 1115 289 1145 ea
319 1096 419 1144 sede
448 1095 727 1158 perforatum
753 1098 794 1142 &
824 1097 866 1142 ἃ
891 1093 1014 1156 quafi
1044 1095 1282 1143 cariosum.

365 1181 419 1227 In
448 1178 551 1226 Vll.
584 1176 737 1223 Berlin
767 1180 902 1234 1769.
933 1175 1016 1237 4*
1048 1194 1184 1232 rana,
1223 1195 1324 1238 quae
1348 1175 1439 1225 fere
1463 1191 1517 1226 ut
1537 1177 1814 1228 chamaeleon
1832 1182 2005 1231 colores
2025 1193 2188 1231 mutat.

362 1261 419 1307 In
450 1261 505 1307 T.
526 1260 653 1306 VIII.
682 1257 912 1306 fistulariae
940 1260 1179 1321 paradoxae
1211 1261 1361 1322 aliqua
1383 1273 1607 1315 anatome.

259 1386 264 1387 γ
364 1342 420 1388 In
444 1343 489 1388 P.
507 1342 568 1388 X.
610 1341 664 1388 de
693 1342 941 1389 vermiibus
971 1344 1013 1389 δε
1043 1340 1273 1389 molluscis
1307 1343 1414 1404 agit.
1483 1345 1706 1391 Anatome
1735 1347 1776 1393 &
1804 1362 1972 1406 organa
1996 1345 2163 1396 cibaria
2180 1347 2299 1396 echi-

235 1406 311 1457 ni3
345 1407 585 1452 ventriculi
610 1407 701 1452 duo
721 1440 733 1459 ,
768 1406 1034 1454 intestinum
1062 1405 1220 1467 spirale
1240 1405 1291 1453 in
1317 1424 1409 1468 quo
1436 1424 1557 1455 mera
1576 1421 1706 1456 terra.
1776 1409 1996 1458 Veficulae
2029 1411 2262 1462 seminales
2283 1446 2298 1468 ‚

235 1471 346 1517 unci
365 1469 456 1517 duo
477 1471 673 1517 venerei.

363 1553 420 1598 In
440 1557 561 1599 Nov.
586 1557 742 1600 Comm.
770 1553 909 1600 Acad..
941 1557 1109 1616 Petrop.
1145 1554 1201 1601 T.
1221 1554 1352 1602 XIII.
1392 1553 1619 1616 descripsit
1649 1558 1772 1604 varia
1812 1555 1930 1612 ossa,
1977 1558 2224 1621 dentesque
2253 1563 2298 1608 &

235 1632 407 1663 cornua
430 1617 695 1663 animalium
725 1618 773 1662 in
812 1618 977 1664 Sibiria
1012 1619 1321 1672 deteriorum,
1360 1636 1503 1666 cornu
1541 1620 1844 1668 rhinocerotis
1873 1640 1929 1668 ex
1959 1622 2086 1670 fibris
2117 1641 2297 1686 compa-

234 1683 358 1726 &um
387 1682 653 1733 amentatis,
677 1682 882 1728 enormia
907 1698 1079 1728 cornua
1103 1682 1320 1729 bubalina
1344 1702 1354 1728 ε
1393 1683 1697 1730 denfiffimum
1730 1685 2032 1733 rhinocerotis
2056 1690 2259 1735 cranium
2279 1722 2294 1743 ,

237 1743 326 1790 hoc
365 1759 570 1790 accurate
604 1743 889 1805 descriptum.
960 1747 1082 1792 Turn
1119 1747 1317 1806 leporem
1346 1747 1590 1794 minimum
1625 1765 1729 1795 cum
1759 1751 1910 1811 aliqua
1936 1765 2173 1806 anatome,
2215 1770 2296 1814 po-

236 1806 453 1855 tissirnum
483 1809 683 1854 intestini
706 1809 794 1855 coli
817 1811 859 1855 &
884 1811 989 1856 caeci
1017 1809 1123 1856 satis
1144 1809 1453 1858 humanorum
1476 1811 1705 1860 fimilium.

356 1888 412 1935 ln
441 1893 560 1935 Nov.
586 1894 741 1936 Comm.
768 1890 907 1937 Acad.
939 1895 1110 1952 Petrop.
1144 1892 1198 1939 T.
1216 1893 1347 1939 XIV.
1383 1893 1437 1939 de
1461 1911 1588 1941 mure
1624 1896 1791 1942 criceto
1824 1895 1977 1944 Suslik.
2046 1899 2101 1944 In
2127 1896 2296 1960 frigore

232 1951 434 2013 sopitur,
477 1954 667 2014 ejusque
697 1955 818 2000 calor
845 1956 1079 2001 minuatur
1109 1973 1132 2001 a
1154 1957 1383 2017 gradubus
1420 1971 1517 2015 103.
1545 1959 1674 2006 Fabr.
1708 1959 1762 2005 ad
1789 1966 1876 2014 80:
1911 1974 2003 2008 una
2023 1961 2295 2009 intestinus>-

235 2033 337 2064 rum
366 2018 506 2063 tubus
538 2021 750 2064 arctatur.
818 2019 918 2065 Alia
945 2020 1176 2067 animalia.

362 2099 418 2144 Iu
443 2098 499 2145 T.
522 2098 677 2146 XVII.
699 2099 752 2145 de
775 2098 942 2147 offibus
965 2103 1004 2147 &z
1033 2102 1246 2149 dentibus
1271 2102 1579 2164 elephantum,
1605 2102 1977 2162 rhinocerotum,
2002 2107 2292 2161 bubalorum,

232 2159 386 2223 passim
412 2179 488 2222 per
516 2163 756 2223 imperium
781 2163 1015 2211 Rufficum
1047 2164 1263 2226 disperiis.

361 2244 419 2290 In
447 2248 509 2291 N.
541 2248 588 2291 E.
616 2249 678 2292 N.
713 2250 756 2293 C.
790 2247 879 2294 Vol.
901 2247 980 2293 ΙΙΙ.
1018 2246 1270 2308 phalaenam
1295 2249 1438 2303 dixit,
1479 2266 1579 2310 quae
1602 2250 1768 2314 absque
1789 2270 1909 2302 mare
1939 2255 2162 2316 concepit.

738 2373 781 2432 §.
817 2376 1250 2425 MCLXXXIV.
1354 2381 1473 2427 Felix
1504 2383 1780 2439 ΡΟΝΤΑΝΑ,

364 2470 715 2524 Roboretanus‚
752 2472 970 2519 Profelsor
1008 2472 1217 2527 PisanuS,
1261 2478 1466 2537 egregius
1491 2478 1659 2527 incisor
1695 2483 1737 2529 ὃς
1763 2480 2075 2544 philosophus.
2163 2483 2286 2544 EJU8

233 2536 419 2598 epistola
444 2536 498 2581 ad
539 2535 755 2583 Urbanum
780 2538 1009 2584 TOSETTI
1033 2538 1135 2584 data
1165 2555 1202 2584 a.
1228 2552 1362 2598 1757.
1398 2542 1581 2601 prodiit,
1613 2546 1661 2590 in
1691 2563 1800 2592 meae
1823 2548 2098 2594 eolledlionis
2131 2548 2285 2595 T.111.

214 2600 424 2650 ,Resutat
454 2601 641 2645 LAGHH
684 2597 925 2645 secundam
967 2600 1224 2660 epistolam,
1267 2605 1308 2650 &
1350 2604 1689 2664 perhumaniter
1725 2612 1766 2656 Sc
1806 2613 1987 2672 optimis
2014 2611 2286 2659 rationibus.

236 2664 450 2712 Ostendit
479 2665 724 2709 [smmum
758 2663 853 2722 post
885 2665 1132 2711 maturiora
1153 2667 1350 2726 cogitata
1386 2670 1538 2729 priora
1574 2673 1736 2732 placita
1760 2672 1850 2720 fere
1875 2673 2131 2720 deseruiff'e:
2162 2677 2288 2735 pleu-

235 2745 296 2775 rae
326 2731 366 2775 &
398 2727 633 2787 peritonzei
664 2726 839 2773 sensum
865 2745 998 2787 porro
1020 2744 1116 2774 non
1148 2731 1408 2786 adfirmare,
1441 2732 1552 2794 saepe
1574 2736 1731 2782 duram
1758 2739 2015 2798 meningem
2035 2736 2289 2785 insenfflem

235 2790 389 2838 vidisse
405 2826 416 2844 ‚
452 2791 506 2836 de
521 2791 691 2837 cerebri
705 2789 833 2837 sensu
851 2793 993 2838 multa
1017 2793 1139 2852 prius
1154 2794 1391 2842 adfirmata
1409 2813 1621 2845 revocare
1636 2834 1648 2853 ‚
1681 2799 1811 2847 fateri
1826 2818 1902 2847 cor
1923 2802 2038 2848 bene
2058 2803 2289 2849 inanitum

236 2854 458 2913 quiescere
479 2874 492 2907 3
531 2855 584 2900 de
610 2855 851 2902 tendinum
868 2853 997 2901 sensu
1022 2858 1247 2904 incertum
1271 2860 1363 2905 elie.
1433 2863 1570 2908 Addit
1599 2867 1905 2922 experimenta
1921 2863 1998 2912 sua
2014 2867 2285 2914 FONTANA.

237 2919 467 2964 Tendines
483 2918 560 2964 sibi
578 2932 795 2979 perpetuo
811 2920 915 2965 &in
930 2920 1145 2967 omnibus
1161 2925 1479 2983 experimentis
1506 2924 1730 2974 insensiles
1754 2926 1894 2975 fuisse.
1963 2931 2121 2979 Decies
2141 2929 2184 2977 se
2205 2931 2288 2976 du-

236 2996 331 3028 ram
347 2996 533 3029 matrem
552 2981 716 3044 absque
742 2982 1034 3046 se11suguffi1se
1064 2987 1106 3032 ἃ
1131 2986 1357 3040 lacerali'e,
1396 2991 1527 3035 etiam
1559 2992 1607 3036 in
1630 2991 1842 3047 homine,
1882 2996 1922 3041 &
1945 2996 2148 3042 LAGHJO
2177 3011 2287 3054 prae-

1231 3052 1263 3096 Β
1287 3052 1312 3097 b
1351 3054 1376 3098 b
1399 3053 1425 3098 b
1458 3065 1480 3107 3
2135 3056 2283 3112 sente,
