2531 3394
263 139 362 187 440
640 128 786 174 ⁷1:13.
836 127 932 172 ιΧ.
997 102 1421 171 ANATo‘MEs
1468 116 1918 169 PERFECTIO.

392 255 622 304 Praelec'tio
655 255 839 314 5.Febr.
869 268 1002 313 1757.
1024 250 1230 298 nondum
1261 249 1382 296 edita
1409 248 1484 295 est.
1557 249 1613 295 In
1641 265 1691 295 ea
1716 250 1886 296 iterum
1909 249 1964 296 de
1984 250 2129 298 oculis
2156 250 2329 297 anima-

268 321 382 368 lium
405 322 523 382 agit‚
561 321 614 366 de
642 315 883 372 musculis,
921 319 974 363 de
1001 315 1214 377 glandula
1240 314 1473 361 lacrumali
1496 314 1734 373 peculiari,
1765 329 1884 372 pone
1907 314 2207 373 ligamentum
2238 327 2330 361 tar-

269 383 396 431 seum
422 383 590 446 posita,
627 384 683 431 ad
719 386 816 444 ejus
850 382 1059 441 vaginam
1095 380 1237 425 imam
1262 379 1514 438 producia,
1564 375 1670 423 suos
1707 375 1903 423 habente
1939 377 2153 433 tubulos,
2194 379 2328 439 cujus

269 464 417 509 partes
456 466 552 495 non
584 450 972 508 compinguntur,
1021 461 1098 504 per
1141 459 1332 502 quarum
1378 443 1616 488 intervalla
1658 441 1788 487 nervi
1833 454 2096 488 excurrunt.
2179 445 2332 503 Negat

271 515 322 560 in
346 513 532 560 homine
563 513 659 559 dari
691 509 1143 560 ductusjacrumales
1175 509 1432 567 longiores,
1470 507 1623 565 quales
1646 503 1754 551 sunt
1790 506 1839 550 in
1880 505 2164 551 animalibus.
2258 508 2329 552 De

269 579 354 624 alia
369 577 582 638 glandula
602 579 821 637 leporum,
853 573 1005 632 potius
1032 570 1216 617 salivali.
1283 571 1353 616 De
1370 583 1502 615 motu
1527 569 1670 615 iridis.
1741 569 1795 615 In
1822 568 2108 622 moribundis
2135 564 2214 615 iris
2239 587 2332 616 am-

268 643 343 702 pla
368 640 680 701 refrigescente
702 654 888 698 corpore
911 634 1210 682 contrahitur.
1264 635 1552 680 >Naturalem
1577 633 1738 679 statum
1759 633 1886 679 iridis
1915 631 1996 678 effe
2019 633 2222 682 claudere
2249 650 2332 692 pu-

268 707 448 766 pillam,
484 705 645 764 aperiri
663 704 710 749 vi
734 700 989 765 musculari.
1059 700 1234 745 Contra
1258 696 1397 744 fibras
1419 714 1548 743 uveae
1574 699 1738 744 tunicae
1758 699 1980 743 anulares.
2048 697 2161 743 Non
2186 697 2234 743 in
2254 698 2332 744 iri-

271 771 372 815 dem
398 771 539 815 lucem
565 783 716 828 agere,
755 764 829 811 sed
858 765 908 810 in
938 764 1146 810 retinam.
1214 761 1286 808 Ab
1310 759 1510 822 impulsu
1542 773 1695 807 tamen
1722 760 1973 808 humorum
1999 761 2134 807 etiam
2167 761 2330 808 iridem

268 833 484 895 produci,
524 833 740 892 pupillam
769 828 944 875 arctari.

397 914 471 960 Est
507 916 638 959 etiam
675 913 795 957 inter
819 909 1012 956 ineditas
1039 910 1219 957 mex
1252 908 1587 969 praelectiones,
1625 923 1761 967 quam
1793 913 1835 960 8.
1861 906 1978 967 Maji
2002 913 2137 965 1756.
2172 908 2332 954 recita-

270 980 338 1026 vit
375 978 428 1024 de
467 975 664 1037 porcello
695 974 1003 1034 semibicipite.
1094 974 1287 1020 Cerebra
1327 974 1445 1026 duo,
1494 972 1692 1018 medulla
1723 972 1967 1031 oblongata
1999 973 2133 1017 unica
2154 1005 2168 1024 ,
2203 971 2334 1023 nervi

269 1059 426 1089 omnes
453 1042 669 1102 duplices,
686 1042 898 1086 octavum
912 1054 1180 1097 nonumque
1200 1053 1279 1097 par
1297 1035 1526 1096 simplicia,
1560 1037 1660 1082 duae
1683 1037 1850 1095 linguae
1864 1035 2089 1080 radicibus
2106 1048 2333 1088 connatae.

267 1108 389 1155 Tota
413 1105 582 1152 fabrica
605 1105 714 1150 adeo
749 1103 993 1164 regularis,
1028 1114 1080 1148 ut
1106 1102 1420 1161 primigeniam
1448 1098 1529 1146 effe
1563 1112 1712 1146 certus
1751 1098 1868 1145 effes.
1937 1097 2193 1144 Nobiscum
2225 1115 2332 1159 ergo

267 1170 468 1216 monstra
491 1170 693 1216 admittit
716 1166 818 1220 casu
849 1165 991 1221 facta,
1030 1168 1071 1213 ἃ
1101 1165 1188 1211 alia
1209 1165 1491 1226 primigenia.
1562 1165 1808 1225 Comparat
1837 1162 2034 1209 monstra
2063 1164 2332 1211 animalium

230 1292 233 1297 Ι
269 1251 373 1283 cum
395 1237 653 1295 plantarum
676 1231 912 1293 prodigiis.

398 1317 484 1362 Die
512 1314 703 1375 1.Junii
732 1325 813 1372 175
824 1320 865 1367 8.
906 1312 1105 1373 praelegit
1133 1310 1187 1357 de
1222 1309 1349 1357 fibris
1383 1311 1561 1357 nerveis
1583 1344 1594 1363 ‚
1641 1327 1741 1370 quae
1776 1311 1948 1356 iterum
1984 1308 2228 1356 dissertatio
2264 1310 2336 1357 in-

271 1381 388 1429 edita
408 1379 482 1425 est.
551 1376 789 1437 Nusquam
817 1377 892 1423 fila
919 1392 1083 1422 nervea
1107 1377 1440 1422 communicare
1460 1387 1539 1420 aut
1563 1372 1763 1427 misceri,
1800 1375 1922 1420 unde
1954 1372 2158 1420 confusio
2192 1372 2338 1421 inevi-

269 1446 419 1494 tabilis
451 1445 501 1489 in
528 1441 779 1489 sensatione
811 1441 1030 1493 oriretur,
1074 1442 1115 1486 &
1143 1440 1193 1485 in
1233 1452 1377 1485 motu.
1460 1439 1635 1485 Contra
1666 1450 1933 1498 argumenta
1973 1454 1998 1482 a
2027 1438 2232 1498 patronis
2263 1453 2337 1484 tu-

268 1511 483 1557 bulorum
510 1523 780 1553 nerveorum
814 1505 1046 1565 producta.
1114 1504 1170 1549 In
1198 1504 1508 1563 experimento
1531 1504 1744 1549 BELLINI
1780 1504 1894 1548 male
1922 1502 2194 1561 peculiarem
2228 1499 2335 1548 effe.

272 1576 400 1620 ctum
428 1572 587 1618 ductui
612 1571 778 1623 tribui,
819 1568 1070 1616 secundum
1108 1584 1243 1629 quem
1269 1584 1438 1614 nervus
1478 1566 1725 1627 stringitur.
1795 1566 1955 1614 l'ideri
1980 1566 2204 1626 liquorem
2234 1582 2337 1613 ner-

269 1653 407 1685 veum
434 1636 648 1683 eleetricae
677 1633 758 1681 effe
778 1646 968 1680 naturae.

397 1720 454 1766 In
482 1721 616 1764 Me'm.
650 1716 702 1762 de
729 1715 898 1762 l'Acad.
924 1715 994 1761 des
1015 1719 1078 1763 Sc.
1108 1714 1160 1761 de
1191 1714 1337 1762 Berlin
1368 1724 1501 1771 1753.
1564 1713 1720 1759 Solum
1754 1729 1948 1761 nervum
1980 1713 2183 1773 opticum
2222 1711 2336 1760 dura

272 1795 415 1832 mater
440 1782 717 1833 comitatum
750 1781 950 1840 reliquos
975 1796 1139 1826 nervos
1161 1777 1253 1825 sola
1281 1775 1491 1824 cellulosa
1517 1779 1603 1823 tela
1628 1777 1773 1824 vestit.
1858 1776 2134 1837 Ubicunque
2168 1793 2337 1824 nervus

267 1847 497 1910 profundo
515 1847 615 1892 loco
637 1847 678 1892 &
701 1847 819 1891 tecto
838 1845 1039 1904 ponitur,
1072 1843 1192 1889 idem
1208 1844 1356 1888 mollis
1383 1852 1550 1887 manet.
1621 1842 1923 1902 Gangliorum
1943 1842 2118 1888 utilitas
2139 1859 2150 1886 ε
2176 1841 2335 1887 viden-

273 1925 349 1960 tur
370 1908 654 1958 commiscere
678 1907 907 1956 funiculos
935 1925 1150 1960 nerveos,
1187 1920 1241 1954 ut
1258 1908 1398 1953 unius
1417 1903 1606 1952 sensatio
1637 1906 1693 1951 ad
1719 1922 1876 1952 omnes
1903 1906 2152 1965 perveniat.
2206 1906 2338 1952 Dura

271 1978 461 2024 meninx
495 1975 629 2022 etiam
661 1975 710 2019 in
742 1972 930 2019 homine
956 1970 1192 2018 insensilis.

403 2059 458 2103 In
491 2055 731 2118 Hamhurg.
762 2059 946 2116 Magaz.
972 2054 1033 2105 T.
1064 2067 1132 2109 19.
1174 2052 1376 2100 eamdem
1414 2049 1570 2113 scyphi
1608 2049 1713 2098 offei
1747 2051 1797 2098 in
1835 2051 1968 2098 oculo
2000 2051 2159 2097 miram
2201 2048 2339 2111 sabri-

273 2138 372 2170 cam
398 2119 633 2173 describit,
673 2136 809 2179 quam
839 2122 880 2165 &
903 2135 986 2180 ego
1016 2119 1125 2164 dixi.
1840 2132 1844 2133 ⁷

397 2205 454 2250 In
479 2203 535 2248 T.
557 2213 599 2248 2.
632 2206 763 2247 Mem.
780 2202 860 2261 fiir
884 2202 942 2247 les
967 2204 1135 2261 parties
1152 2196 1344 2256 senfihles
1379 2196 1438 2253 &²
1458 2197 1679 2245 irritahles
1703 2197 1851 2257 aliqua
1877 2212 1997 2243 nova
2030 2197 2338 2257 experimenta

272 2268 443 2329 adjecta
468 2264 589 2318 sunt,
622 2267 676 2311 ad
702 2267 824 2313 durae
857 2267 1014 2311 matris
1042 2261 1246 2315 sensum,
1287 2279 1423 2322 quem
1446 2264 1626 2308 nullum
1641 2264 1820 2322 reperit.

402 2350 454 2395 In
494 2348 666 2409 epistolis
694 2347 753 2393 ad
785 2365 848 2393 me
884 2346 1000 2392 datis
1037 2347 1129 2406 egit
1168 2344 1221 2390 de
1265 2344 1377 2390 dura
1417 2345 1676 2391 membrana
1709 2342 1881 2389 cerebri
1925 2342 1975 2388 in
2008 2340 2177 2388 femina
2206 2340 2339 2391 sensu

275 2424 450 2460 carente
470 2446 482 2465 ,
523 2413 576 2457 de
600 2410 793 2457 vesicula
823 2414 1003 2458 AL131N1
1036 2425 1172 2470 quam
1194 2408 1337 2461 vidit,
1374 2410 1414 2455 ἃ
1443 2425 1543 2468 quae
1563 2409 1745 2455 videtur
1775 2406 1999 2467 pertinere
2032 2407 2086 2453 ad
2111 2405 2216 2456 evasa
2243 2423 2340 2453 om-

276 2474 716 2540 phalomesenterica.

279 2635 363 2682 175
405 2558 569 2669 Wriftain}
595 2556 764 2619 egregii
793 2558 880 2603 viri
905 2556 955 2602 in
982 2565 1312 2618 programmate
1338 2554 1407 2601 Cl.
1435 2558 1482 2609 J.
1497 2552 1714 2601 Matthias
1741 2554 1948 2601 GESNER
1972 2551 2095 2602 dedit
2126 2551 2338 2612 Gotting.

371 2636 414 2678 9.
472 2639 497 2668 O
521 2658 531 2669 .

617 2736 661 2794 §.
693 2739 747 2785 M
759 2736 911 2784 CIII.
1016 2732 1223 2795 Christian
1252 2732 1470 2782 Friderich
1498 2736 1959 2783 TRENDELENBURG
1975 2766 1988 2786 ‚

402 2833 706 2887 Strelizenfis,
743 2833 893 2880 noster
928 2832 1093 2892 pariter
1132 2833 1315 2877 auditor
1354 2833 1394 2877 &
1428 2830 1622 2884 incisor,
1659 2829 1853 2876 summas
1896 2839 2013 2875 certe
2047 2828 2097 2874 in
2126 2841 2339 2877 anatome

280 2911 426 2959 partes
447 2898 754 2951 sustenturus,
792 2896 874 2944 nifi
894 2894 1114 2943 maluiffet
1139 2893 1182 2940 se
1204 2895 1374 2942 clinicae
1404 2895 1508 2941 dare
1533 2894 1766 2940 medicinae
1791 2912 1805 2945 3
1845 2893 2103 2939 incredibili
2126 2894 2247 2939 enim
2272 2896 2341 2940 ni..

275 2975 374 3012 tore
400 2964 440 3011 ὃς
467 2965 686 3024 patientia
710 2977 902 3028 corpora
931 2959 1132 3009 humana
1161 2957 1409 3010 diffecabat.
1475 2959 1620 3007 Pauca
1638 2956 1836 3020 scripsit,
1870 2954 1962 3005 fere
1988 2970 2040 3008 ut
2073 2974 2145 3006 me
2178 2968 2339 3071 cpintra

2243 3033 2338 3070 AM-
