2531 3394
317 100 409 187 584
706 129 856 176 ΜΒ.
896 129 988 176 rx.
1056 118 1475 195 ANATOMES
1525 122 1971 174 PERFECTIO.

860 263 902 313 ᾗ.
937 258 1101 306 MCX
1116 256 1261 304 CIX.
1361 257 1527 302 Diaria
1556 257 1659 300 anni
1687 260 1820 312 1762.

445 354 505 401 In
528 351 916 418 Philosophiscarum
948 354 1300 415 Transafiionum
1324 351 1380 398 T.
1395 351 1492 397 LII.
1513 350 1632 397 P.11.
1659 348 1748 397 five
1773 366 1896 396 anno
1920 358 2056 409 1762.
2089 355 2131 400 &
2157 355 2207 400 in
2229 356 2367 402 Mem.

313 416 366 465 tle
401 418 576 467 l'Acad.
610 418 682 466 der
708 424 896 468 Sciences
918 426 1053 478 1762.
1072 452 1085 471 ,
1120 432 1261 478 pauca
1283 414 1375 462 huc
1397 412 1573 461 faciunt
1587 448 1600 468 ,
1634 431 1734 490 quae
1758 430 1856 460 non
1876 413 1963 461 sint
1981 417 2089 490 alias
2109 417 2241 465 dicta.

449 501 507 548 In
529 505 664 548 Mem.
687 500 739 547 de
757 500 929 548 l'Acad.
955 499 1008 546 de
1032 500 1174 547 Berlin
1206 503 1339 556 1762.
1381 496 1673 545 CASTILLON
1699 496 1753 542 de
1780 495 1895 551 albis
1918 495 2231 558 Aethiopibus.

441 583 497 629 In
517 584 723 644 melanges
744 582 795 628 de
820 580 1076 643 philosophie
1094 580 1152 637 ἓξ
1178 580 1229 626 de
1255 577 1584 639 mathematique
1609 578 1662 624 de
1689 578 1732 625 la
1755 581 1916 626 Societe‘
1935 582 1990 625 R.
2017 578 2069 625 de
2090 579 2371 629 TurinT.11.

314 662 354 694 a.
375 652 512 704 1762.
538 647 701 694 excuso
732 647 880 699 varia,
907 643 989 691 suo
1011 647 1112 693 loco
1140 644 1269 691 dicta.

440 728 497 774 In
523 732 575 775 K.
604 726 782 785 Swenslz.
814 725 1026 786 Wetensk.
1059 725 1262 774 Academ.
1291 725 1461 772 Handl.
1488 726 1544 773 T.
1565 725 1744 771 XXIV.
1791 726 1833 786 J
1848 726 2018 772 LECHE
2049 724 2102 771 de
2126 741 2227 772 rore
2258 727 2367 773 mel-
2413 705 2416 707 Δ

316 793 408 840 le0.
476 793 594 839 Eum
622 790 865 852 aphidibus
893 788 999 837 solis
1023 790 1198 837 tribuit.
1266 790 1323 836 In
1348 789 1611 851 regionibus
1640 789 1929 836 calidioribus
1960 801 2084 836 certo
2111 788 2268 837 succus
2293 790 2369 844 est,

315 856 398 917 qui
419 873 474 903 ex
500 855 715 902 arborum
738 853 858 900 foliis
883 852 1084 902 exsudat.

451 936 631 986 Gabriel
655 937 800 984 LUND
833 936 1128 998 exomphalos
1152 937 1381 984 naturalis.

449 1020 643 1080 Torstani
668 1018 941 1065 WASSENH
970 1017 1071 1065 fasti
1099 1020 1370 1065 emortuales
1396 1018 1724 1066 WASSENDAE.
1793 1017 1935 1064 Multi
1966 1017 2179 1078 longaevi.

446 1101 504 1146 In
527 1100 951 1149 VANDERMONDH
983 1100 1129 1146 diario
1157 1101 1213 1147 T.
1227 1099 1363 1146 XVI.
1398 1099 1606 1146 CELLIES
1634 1096 1812 1146 menses
1839 1100 2112 1146 vetularum.

448 1179 631 1228 Menses
662 1179 852 1228 infantis
873 1197 1110 1242 praecoces.

455 1297 467 1309 .
499 1298 511 1308 .
550 1297 562 1308 .
599 1297 610 1308 .
642 1263 876 1316 DAVOEL,
912 1263 1098 1309 celebris
1139 1263 1339 1315 medicus
1380 1263 1623 1309 ocularius.
1691 1263 1815 1324 Ejus
1842 1263 2009 1325 epistola
2039 1263 2101 1309 ad
2126 1279 2189 1309 me
2215 1263 2268 1315 de
2295 1262 2375 1312 sua

316 1323 736 1378 administratione,
772 1341 862 1385 qua
893 1327 1058 1372 lentem
1094 1327 1392 1387 crystallinam
1424 1343 1608 1386 opacam
1642 1326 1852 1373 extrahit.
1922 1327 2088 1373 Itidem
2121 1326 2374 1376 insensilem

316 1390 414 1437 effe.
486 1390 642 1435 Caecos
670 1401 801 1436 natos
826 1389 1003 1436 reddito
1036 1389 1135 1438 visu
1163 1407 1405 1451 corporum
1429 1389 1597 1450 figuras
1623 1406 1720 1436 non
1743 1389 2026 1452 adgnoscere.

446 1471 578 1517 Vena
606 1468 800 1531 saphena
828 1470 989 1532 sponte
1011 1484 1144 1533 rupta
1162 1506 1175 1526 ,
1211 1484 1380 1520 eventu
1401 1471 1569 1519 lethali.

447 1553 551 1599 Hoc
585 1569 707 1599 anno
745 1553 860 1600 obiit
892 1557 934 1601 C.
965 1556 1166 1615 Augustus
1197 1555 1640 1607 VANDERMONDE,
1687 1551 1830 1615 hujus
1866 1553 1994 1601 diarii
2033 1554 2201 1608 editor,
2251 1559 2292 1604 &
2325 1558 2373 1604 in

318 1633 419 1662 eam
459 1633 613 1663 curam
644 1615 847 1663 succeffit
876 1620 1126 1679 Augustinus
1163 1620 1333 1668 ROUX.
1416 1620 1471 1665 In
1503 1619 1560 1666 T.
1582 1618 1737 1665 XVII.
1797 1621 1990 1678 ALLIET
2020 1618 2074 1665 de
2104 1619 2374 1668 abstinentia

317 1680 509 1746 triginta
540 1683 581 1727 δε
614 1682 756 1727 trium
781 1681 957 1727 dierum
976 1682 1026 1728 in
1052 1680 1221 1728 femina
1252 1681 1489 1742 hysterica.

453 1762 639 1809 Calixtus
663 1762 900 1810 GAUTlER
932 1763 986 1809 de
1017 1761 1193 1810 infante
1226 1781 1303 1824 per
1325 1765 1565 1811 biennium
1599 1764 1700 1811 cibo
1729 1767 1768 1811 ἃ
1794 1776 1908 1825 potu
1931 1764 2196 1813 abstinente.

445 1843 605 1903 Vapor
630 1843 923 1891 formicarum
946 1857 1198 1892 venenatus
1226 1848 1267 1892 ²&
1293 1844 1548 1907 stuporifer.

445 1926 570 1973 Louis
583 1926 620 1972 Ie
635 1927 798 1974 BLANc
815 1927 867 1972 de
883 1925 1012 1972 sensu
1029 1927 1077 1972 in
1093 1926 1204 1973 dura
1218 1940 1360 1974 matre
1373 1941 1586 1989 perept03
1623 1927 1714 1989 ipse
1733 1940 1882 1974 tamen
1898 1927 2065 1975 fatetur
2078 1963 2088 1982 ,
2124 1945 2223 1975 eam
2239 1946 2375 1977 mem-

317 1990 504 2036 branam
518 2005 612 2035 non
626 1988 803 2042 sentire,
821 1990 957 2036 sedin
978 1992 1262 2044 nervulis,ut
1277 2005 1419 2052 putat,
1433 1994 1615 2040 arterias
1630 1993 1957 2039 comitantibus
1974 1993 2174 2039 dolorem
2188 1994 2371 2053 percipi,

452 2072 527 2131 EJ.
567 2072 774 2117 Nouvelle
807 2070 996 2118 methode
1016 2072 1212 2134 d'operer
1246 2075 1302 2119 les
1329 2072 1493 2120 hernies
1540 2075 1661 2121 Paris
1688 2081 1822 2132 1768.
1858 2081 1899 2129 8.
1968 2075 2140 2135 Utiq'ue
2168 2075 2376 2122 tendines

318 2132 511 2188 sentire,
551 2135 591 2179 &
620 2134 767 2181 incisis
794 2137 1019 2182 columnis
1053 2137 1418 2184 abdominalibus
1444 2155 1585 2199 aegros
1612 2139 1775 2184 dolere.

450 2216 526 2278 EJ.
566 2219 651 2263 Sue⁴
675 2215 731 2261 les
757 2228 992 2278 avantages
1013 2218 1064 2264 de
1087 2219 1245 2265 l'etude
1273 2219 1326 2265 de
1355 2220 1600 2266 l'anatomie
1634 2221 1757 2266 Paris
1783 2226 1918 2278 1769⁴
1949 2226 1994 2273 8,

456 2295 823 2358 Verhandelingen
851 2311 1129 2361 uytgegeeven
1154 2300 1260 2347 door
1289 2300 1341 2346 de
1359 2299 1618 2359 liollcmdsche
1642 2300 1945 2363 maatschappy
1969 2301 2045 2348 der
2064 2301 2377 2365 wetenfhappen

328 2359 386 2407 T.
405 2360 488 2407 Vl.
522 2361 570 2407 P.
592 2363 649 2407 II.
680 2362 790 2406 anni
814 2368 948 2418 1762.
992 2365 1122 2409 Dura
1144 2377 1287 2410 mater
1313 2365 1485 2411 nudata
1507 2363 1740 2411 insenfilis.

452 2446 497 2497 J.
531 2445 577 2489 F.
602 2460 690 2488 van
715 2442 793 2488 der
813 2444 984 2496 LOTT‚
1022 2444 1286 2506 chirurgus,
1324 2447 1378 2493 de
1400 2446 1711 2507 phaenomenis
1739 2447 1951 2514 anguiilae
1977 2445 2253 2508 stuporiferae
2286 2450 2367 2495 Su-

322 2505 602 2552 rinamensis.
672 2507 905 2552 Violentia
936 2509 1050 2553 ictus
1076 2522 1194 2555 amat
1228 2513 1459 2558 metallum
1490 2509 1646 2571 sequi,
1685 2523 1839 2557 tamen
1868 2513 1909 2557 &
1943 2527 2139 2571 aquam3
2189 2512 2372 2557 demum

324 2585 405 2630 per
431 2577 577 2616 aerem
605 2567 731 2616 suam
761 2567 1001 2615 efficaciam
1034 2575 1286 2620 continuat.

452 2653 766 2704 GALANDAT,
803 2649 1068 2712 chirurgus,
1114 2653 1168 2698 de
1194 2655 1430 2702 inflatione
1467 2654 1686 2702 cellulos'ae
1718 2655 1914 2709 tunicae,
1954 2656 2003 2702 in
2036 2671 2113 2700 ora
2148 2655 2371 2700 maritima

326 2718 523 2775 Quaqua
548 2726 750 2775 recepta,
790 2716 831 2760 ἃ
852 2714 907 2760 ad
929 2716 1077 2761 varios
1106 2718 1289 2765 morbos
1311 2720 1431 2766 utili.
1500 2722 1555 2766 In
1576 2721 1632 2766 T.
1649 2720 1752 2766 VII.
1778 2720 1831 2765 de
1859 2719 2010 2765 eadem
2032 2719 2218 2764 curandi
2236 2721 2371 2764 ratio-

325 2795 411 2832 ne,
450 2782 490 2825 &
520 2780 569 2824 in
603 2783 829 2826 Comment.
854 2779 1194 2838 Rerolinenfihz-[s.

466 2860 637 2908 Gerard
668 2872 740 2905 ten
760 2860 929 2912 HAAF,
969 2857 1234 2920 chirurgus,
1271 2862 1323 2908 de
1354 2862 1589 2909 submersis
1624 2863 1679 2909 ad
1708 2863 1846 2909 vitam
1877 2863 2155 2909 revocandis.
2225 2863 2369 2910 Venae

324 2922 565 2972 sediionem
589 2923 766 2978 laudat,
803 2939 903 2984 quae
929 2921 1022 2985 spei
1044 2922 1289 2985 respondit,
1321 2943 1424 2973 cum
1452 2927 1770 2974 intestinorum
1794 2927 1990 2973 irritatio
2020 2925 2181 2975 frustra
2206 2925 2369 2974 fuiffet.

2277 3026 2371 3089 ⁴&In
