2531 3394
2106 118 2127 137 l

594 146 638 207 ς.
681 154 863 208 865-
900 104 1006 203 ἑός.
1077 130 1122 211 J‘,
1159 130 1672 194 WOODWARD.
1741 147 1908 196 ALIIV.
2097 140 2101 145 ’
2181 153 2268 191 121

352 281 397 327 A
409 279 673 342 fitpplement
698 278 789 324 and
823 278 1118 324 continuatim
1143 274 1199 336 of
1219 271 1288 320 the
1321 272 1429 335 efflty
1470 273 1644 320 toward
1677 291 1707 325 a,
1736 276 1916 321 natural
1943 273 2099 335 history
2131 272 2185 334 of
2201 269 2270 318 the

225 343 370 398 earth,
408 350 582 390 written
616 342 835 404 originaffy
867 346 911 387 in
939 341 1073 392 latin,
1122 337 1365 384 translated
1394 337 1448 397 by
1481 340 1701 394 Benjamin
1731 339 2027 385 HOLLOWAY
2074 337 2268 385 London

228 415 362 467 1726.
392 407 469 462 84*
537 409 605 453 Ex
634 423 799 465 magno
823 419 956 465 opere
979 396 1464 450 WOODWARDIANO
1490 398 1706 460 decerpsit
1728 400 1875 447 editor
1902 403 2065 461 aliqua,
2096 419 2150 447 ex
2168 401 2269 462 qui-

223 473 311 519 bus
347 472 628 524 ostenderet,
674 470 780 516 DEI
817 478 1086 530 perpetuum
1122 464 1395 511 concursum
1429 465 1485 512 ad
1522 481 1590 512 res
1624 463 1890 511 sublunares
1920 466 2103 524 requiri.
2196 467 2266 510 De

221 535 496 583 formatione
518 537 630 596 pulli
657 536 819 593 aliqua,
851 531 894 577 Sc
917 541 1075 575 contra
1092 531 1644 576 LWEUWENHOECKIUM.
1711 527 1890 575 Deinde
1916 544 2016 574 cum
2045 528 2271 573 ostendere

222 602 381 653 vellet,
419 600 616 646 animam
643 598 691 644 in
713 595 928 655 sanguine
950 591 1153 647 residere,
1186 595 1324 654 inque
1358 593 1542 654 lingulis
1574 593 1778 653 partibus
1815 593 2014 651 corporis
2037 592 2265 641 animalia,

222 681 318 711 non
345 665 394 710 in
418 663 594 716 nervis,
631 661 772 706 multa
801 661 844 705 &
873 656 1184 703 memorabilia
1214 659 1525 717 experimenta
1544 656 1679 710 fecit,
1727 672 1780 702 ex
1810 655 1975 716 quibus
2010 654 2180 701 constet
2213 655 2265 699 de

220 741 351 775 motu
376 724 588 774 musculis
612 721 772 775 iusim,
810 723 852 768 ἃ
880 720 1082 767 motibus
1110 720 1216 766 inde
1247 721 1564 781 pendentibus.
1633 721 1854 768 Accusare
1881 717 2092 770 ostendit,
2117 718 2167 763 in
2192 733 2268 763 va-

218 793 298 839 riis
326 790 592 838 animalibus
625 785 843 834 emortuis
864 800 1019 831 carnes
1043 785 1257 843 palpitare
1285 787 1327 831 &
1348 786 1542 830 irritatas
1567 787 1788 838 convelli,
1827 800 1905 830 cor
1929 780 2132 830 evulsum
2151 779 2265 832 felis,

219 857 410 917 viperae,
439 851 638 912 cyprini,
671 848 896 896 columbae
914 883 927 902 ,
964 865 1146 909 pergere
1168 849 1219 895 in
1249 849 1433 895 alternis
1462 863 1616 896 motus
1643 849 1852 901 vicibus,
1892 849 1933 894 δε
1961 843 2170 893 contrahi
2201 858 2266 891 at-

220 936 307 980 que
333 920 484 965 laxari.
551 913 787 975 Ejusmodi
808 914 944 960 etiam
970 913 1278 972 experimenta
1303 913 1352 963 in
1378 928 1486 958 rana
1506 911 1638 965 fecit,
1672 913 1812 974 inque
1832 909 2053 971 serpente,
2074 910 2265 969 aliisque

218 981 500 1029 animalibus.
592 978 788 1024 Cerebro
812 974 968 1023 evulso
998 974 1213 1036 supereffe
1241 974 1418 1022 sensum
1438 1011 1450 1029 ‚
1489 977 1624 1023 etiam
1651 978 1793 1023 animi
1823 974 2049 1026 adst-(Slus,
2093 975 2132 1019 ἅ*
2165 973 2263 1019 san-

215 1045 366 1108 guinis
393 1054 572 1090 motum
600 1042 650 1089 in
675 1041 883 1103 partibus
909 1040 964 1086 de
990 1051 1089 1087 toto
1117 1056 1303 1101 corpore
1325 1041 1510 1087 animali
1531 1039 1757 1102 separatis.
1825 1041 1936 1087 Haec
1956 1038 2148 1085 omnino
2169 1053 2260 1083 rne-

212 1109 428 1156 rebantur
454 1105 556 1167 legi.

340 1188 504 1247 Aliqua
528 1185 662 1233 etiam
690 1183 826 1234 habet
851 1185 905 1233 de
932 1186 1168 1233 communi
1187 1183 1357 1233 fabrica
1385 1184 1546 1234 offium
1574 1188 1616 1234 ὃς
1638 1186 1864 1240 testarum,
1898 1198 1995 1234 tum
2016 1201 2261 1247 corporum

212 1252 533 1315 vegetabilium
549 1268 559 1297 ε
588 1263 642 1297 ut
655 1250 874 1305 ostendat,
889 1267 1027 1311 quare
1041 1250 1264 1311 ejusmodi
1278 1267 1466 1312 corpora
1480 1252 1528 1298 in
1542 1251 1716 1299 diluvio
1729 1268 1825 1298 non
1835 1250 2007 1298 fuerint
2024 1251 2262 1297 destructa.

338 1331 580 1394 Scripserat
615 1333 760 1393 majus
795 1349 910 1393 opus
944 1331 996 1377 de
1016 1331 1193 1392 fabrica
1224 1327 1283 1388 &J
1311 1334 1387 1393 ufic
1412 1338 1609 1395 partium
1647 1338 1689 1379 in
1715 1334 1909 1381 animale.
1978 1335 2048 1380 De
2083 1334 2258 1394 origine

211 1398 344 1448 etiam
372 1397 574 1443 hominis
601 1395 857 1457 scripserat,
892 1408 947 1443 ut
967 1396 1245 1451 ostenderet,
1282 1413 1571 1445 communem
1602 1396 1881 1459 Aethiopum
1905 1414 2008 1445 curn
2031 1397 2127 1444 aliis
2154 1412 2260 1458 gen-

204 1463 327 1511 tihus
367 1461 590 1522 originem
618 1459 714 1507 effe.

337 1544 394 1590 In
420 1543 517 1604 ejus
540 1540 648 1601 cases
673 1540 764 1588 and
788 1538 1078 1602 obfhrvations
1110 1539 1256 1592 Lond.
1281 1556 1416 1604 1757.
1435 1544 1510 1600 8.*
1546 1543 1784 1595 contendit
1808 1544 1963 1592 omnia
1987 1545 2037 1593 in
2069 1558 2256 1605 corpore

205 1608 409 1656 humano
436 1608 576 1659 mala,
614 1607 748 1652 etiam
774 1607 914 1654 animi
941 1606 1156 1661 adfectus,
1181 1625 1236 1655 ex
1259 1610 1515 1657 ventriculo
1541 1610 1665 1657 oriri.

331 1688 388 1736 In
411 1685 521 1736 Phil.
560 1689 714 1749 Trans:
745 1704 791 1735 n.
817 1695 888 1747 38.
928 1688 982 1736 de
1006 1691 1197 1764 caeruleo
1220 1688 1418 1737 Pruffico
1445 1707 1500 1737 ex
1527 1689 1744 1754 sanguine
1770 1702 1940 1753 parato.

647 1815 1203 1874 §.DCCCLXVHL
1307 1821 1357 1867 L.
1387 1819 1607 1882 JoeLOT.
1674 1819 1789 1873 Alii.

333 1916 538 1965 laurent.
555 1917 761 1979 JOBLoT
785 1916 1072 1975 observations
1085 1916 1296 1980 d’histoire
1307 1918 1516 1966 naturelle
1527 1918 1664 1978 faites
1677 1933 1781 1965 avec
1801 1916 1839 1965 le
1858 1917 2109 1981 microscope
2126 1916 2251 1965 Paris

205 1988 339 2041 1718.
363 1993 408 2041 4.
452 1989 588 2040 1754.
607 1983 683 2040 4*
748 1982 803 2028 In
823 1982 869 2028 P.
885 1983 945 2028 ΙΙ.
973 1983 1136 2041 prioris
1158 1982 1371 2030 editionis
1399 1981 1679 2044 potissimum
1701 1983 1856 2030 icones
1875 1983 2254 2029 animalculorum

200 2058 351 2099 erant,
396 2062 497 2105 quae
532 2047 581 2091 in
615 2061 731 2105 aqua
766 2045 1081 2105 reperiuntur,
1118 2048 1192 2094 cui
1225 2045 1401 2094 foenum
1425 2046 1651 2106 variaeque
1687 2045 1844 2098 herbae
1866 2044 2024 2093 infusae
2054 2044 2251 2093 fuiffent.

198 2111 274 2157 Eae
296 2109 616 2156 adnotationes
643 2125 769 2155 nunc
795 2112 935 2155 auctae
960 2110 1180 2164 redeunt,
1215 2123 1480 2171 partemque
1502 2109 1675 2157 faciunt
1707 2111 1917 2170 priorem.
1986 2111 2041 2157 In
2067 2110 2253 2156 animal-

199 2175 311 2221 culis
331 2208 343 2227 ,
381 2189 482 2233 quae
506 2173 626 2225 dixi,
662 2173 915 2232 praecipuus
940 2172 1021 2219 suo
1055 2186 1258 2235 tempore
1280 2178 1438 2221 auctor
1466 2173 1569 2221 fuit.
1640 2175 1772 2221 Vidit
1803 2175 1936 2221 etiam
1967 2176 2158 2235 polypos
2194 2190 2249 2220 ex

200 2253 387 2298 corpore
417 2235 498 2283 suo
523 2235 748 2289 ramosos,
783 2237 986 2298 aliosque
1007 2238 1105 2284 aliis
1128 2255 1232 2284 cum
1255 2239 1520 2285 nominibus
1547 2238 1708 2285 dictos.
1776 2240 2013 2299 Anguillas
2040 2239 2153 2285 aceti
2172 2236 2249 2284 ha·-

197 2300 288 2347 bet.
356 2302 639 2348 Animalcula
670 2301 849 2347 minora
873 2301 1030 2347 multis
1055 2302 1266 2353 iconibus
1295 2303 1481 2363 repetit,
1527 2319 1631 2348 cum
1656 2314 1806 2348 tamen
1834 2300 1927 2363 ipse
1956 2314 2155 2355 moneat,
2192 2303 2246 2348 iis

198 2379 440 2410 commune
460 2363 540 2410 effe
566 2363 759 2428 figuram
782 2376 973 2411 mutare.
1044 2363 1219 2413 Contra
1244 2367 1467 2427 originem
1490 2367 1754 2413 animalium
1781 2383 1836 2412 ex
1856 2366 2118 2426 putredine:
2154 2365 2247 2425 ipse

196 2425 522 2487 panspermiam
546 2426 761 2475 defendit.
830 2425 902 2475 De
925 2429 1069 2476 oculis
1091 2428 1350 2489 compositis
1379 2431 1550 2477 culicis.
1619 2431 1803 2476 Animal
1837 2431 1973 2477 etiam
2008 2428 2245 2477 rotiferum

198 2491 328 2537 dixit.
396 2490 609 2537 Dubitari
637 2491 796 2551 potest,
826 2508 939 2539 num
967 2509 1044 2539 cor
1073 2495 1113 2540 Sc
1134 2510 1344 2540 venerem
1377 2493 1600 2553 ejusmodi
1631 2494 1895 2540 animalium
1921 2510 2026 2540 vere
2052 2493 2242 2544 viderit,

197 2556 238 2601 &
255 2555 413 2614 aliquae
427 2554 580 2600 icones
594 2555 830 2601 manifesto
852 2554 1045 2602 artificio
1070 2558 1252 2616 pictoris
1276 2556 1442 2617 adjutae
1465 2556 1490 2603 Γ
1487 2570 1583 2604 unt.
1651 2559 1782 2604 Parvi
1802 2556 1991 2604 faciebat
2010 2557 2244 2603 hominem

197 2617 592 2666 UFFENBAcmus
628 2617 742 2676 (m),
783 2621 824 2665 &
843 2620 986 2681 Hagae
999 2620 1128 2667 vitris
1140 2621 1364 2681 poliendis
1383 2620 1427 2668 se
1448 2619 1706 2668 sustentasse
1730 2620 1888 2681 scribit¹
1913 2637 1951 2668 a.
1975 2633 2108 2679 1710.
2139 2622 2240 2680 (n).

317 2704 524 2748 Hem-icus
544 2700 781 2753 RUYSCH,
817 2700 1096 2760 aliquamdiu
1125 2703 1263 2761 patris
1288 2700 1356 2748 sui
1377 2703 1584 2765 adjutor,
1619 2701 1693 2750 sed
1724 2716 1828 2750 ante
1853 2713 2045 2748 mortem
2062 2699 2240 2748 fastidio

192 2775 424 2811 anatomes
456 2763 685 2823 abr·ethS‚
723 2764 864 2810 edidit
895 2764 1174 2812 Amsterdam
1198 2772 1331 2825 1718.
1349 2765 1429 2816 fol.
1496 2765 1747 2815 Theatrum
1785 2763 2038 2814 universale
2072 2767 2244 2814 anima-

192 2829 304 2875 lium
327 2829 627 2890 JOHNSTom
657 2829 698 2874 &
724 2829 865 2874 auxit.

255 2936 398 2993 (Ribl.
421 2917 563 2985 Anat.¹
590 2941 640 2985 T.
657 2936 755 2991 II.)
1338 2941 1399 3000 Q
2019 2939 2239 2999 Frmlcefio

251 3060 327 3112 (m)
356 3060 493 3105 Reisen
514 3062 583 3112 ΠΙ.
609 3077 649 3116 p.
674 3078 764 3116 490.
794 3066 865 3105 ἃς.
973 3063 1038 3114 (n)
1065 3063 1123 3109 ib.
