2531 3394
727 107 1221 165 ADDENDA
1302 109 1487 158 Tomi
1537 111 1606 160 11.

132 255 386 301 numquam
426 235 716 286 resistentiam
756 240 976 288 excitaret
992 273 1005 293 ‚
1047 236 1130 286 nisi

134 305 257 367 quod
273 303 610 366 perceptionem
637 305 817 359 limitet,
851 320 947 352 non
967 315 1020 350 ut
1031 318 1130 364 per-

133 371 386 430 ceptionem
410 379 572 414 mutet.
1110 389 1113 392 ⁴

230 467 273 510 p.
293 455 389 508 446
422 453 460 502 §‚
487 461 621 507 1107.
656 446 737 495 sub
769 448 797 494 l.
817 460 849 506 7
880 447 993 493 adde

189 532 426 579 HUTTON
452 530 504 577 de
523 530 734 592 sanguine
761 525 820 584 ἓξ
847 528 1124 576 circulatione

132 596 260 644 Leid.
287 608 422 653 1749.
453 593 537 652 4.*
613 637 621 642 ,

220 695 262 739 p.
277 689 372 736 447
401 677 429 722 l.
447 688 480 734 4
511 673 643 736 supra
668 675 804 721 imam
831 673 943 720 adde
968 672 1023 720 ad

438 740 834 785 MENNANDRUM.

173 805 324 851 Habet
354 805 490 850 etiarn
527 814 794 862 computum
834 813 1044 848 natorum
1082 802 1125 847 &

132 880 434 921 mortuorum.
522 867 692 926 Magna
715 866 995 911 incrementa
1020 881 1126 925 gen-

132 933 190 978 tis
208 949 219 976 :
253 931 366 978 Nati
385 942 466 988 141
481 934 564 982 18,
587 930 759 975 mortui
780 941 958 975 tantum
978 940 1120 987 9441,

117 1011 233 1056 quae
259 995 374 1041 ratio
396 994 457 1040 est
480 999 632 1051 1614:
663 1006 798 1040 1000.

163 1093 205 1138 p.
226 1080 322 1135 456
348 1073 430 1121 sub
458 1077 531 1133 l.4
559 1074 660 1145 add.
686 1075 742 1119 ad
762 1075 1088 1120 BOURGELAT.

176 1157 525 1218 Inficpplemento
541 1157 684 1201 multa
695 1154 830 1200 bona.
878 1155 1008 1201 Vena
1023 1171 1122 1215 azy-

134 1238 190 1283 ga
212 1222 260 1267 in
287 1223 404 1266 bove
431 1219 622 1277 duplex,
658 1216 830 1264 finistra
861 1219 910 1264 in
936 1235 1123 1264 corona-

82 1318 87 1320 -
131 1286 244 1332 riam
269 1295 433 1345 aperta..
501 1284 679 1328 Ductus
717 1280 1124 1342 hepatico-cystici

132 1349 288 1395 boum.
356 1344 477 1392 Vasa
501 1344 775 1411 lymphatica
811 1346 860 1392 in
891 1343 1024 1393 sulcis
1052 1347 1122 1393 in-

130 1425 200 1459 ter
226 1410 506 1458 ventriculos
531 1408 786 1469 conspicua.

161 1487 251 1554 >EJ.
288 1490 717 1554 Effiiisurlafhrrure
751 1491 872 1537 Paris
890 1490 1123 1550 1771.8.*

133 1556 270 1604 habet
291 1569 535 1603 anatomen
560 1553 689 1600 soleae
710 1571 882 1601 corneae
911 1558 1012 1615 equi
1030 1590 1042 1609 ‚
1080 1559 1121 1603 &

130 1621 498 1681 ligamentorum.
567 1620 632 1665 Ut
672 1635 724 1664 ex
755 1617 881 1664 fibris
922 1621 1122 1667 cutaneis

131 1683 430 1731 sentientibus
449 1679 606 1728 sensim
628 1680 736 1728 semi
749 1713 764 1720 -
780 1681 1024 1736 insensiles,
1050 1684 1122 1730 de-

132 1764 259 1794 mum
277 1744 503 1793 insensiles
520 1748 560 1792 &
582 1762 758 1792 corneae
773 1747 1119 1795 continuentur.

179 1829 259 1890 EJ.
295 1827 346 1874 de
366 1827 618 1874 ventriculis
635 1827 884 1874 animalium
898 1833 1121 1876 ruminan-

133 1898 242 1940 tium
271 1890 329 1948 ἓξ
350 1890 586 1953 pracsertim
614 1896 770 1938 ovium.
811 1895 960 1939 Giorn.
975 1893 1026 1939 de
1045 1895 1122 1940 let-

130 1969 212 2003 ter.
236 1957 289 2004 T.
306 1956 369 2002 X.
416 1961 639 2001 Anatome
656 1958 697 2001 &
715 1953 1006 2017 physiologia.
1032 1962 1034 1965 ’
1053 1959 1122 2004 Ex

133 2018 376 2080 oesophago
395 2017 649 2065 fluidiffima
665 2035 764 2079 pars
789 2019 945 2079 pabuli
968 2021 1123 2069 transit

132 2087 182 2132 in
209 2085 515 2131 ventriculum
540 2084 750 2136 tertium,
787 2085 910 2143 quod
941 2084 1121 2134 craffius

135 2148 196 2195 est
221 2149 269 2193 in
292 2148 493 2207 primum
511 2181 523 2199 ,
561 2163 615 2192 ex
648 2164 738 2206 quo
758 2181 770 2200 ‚
809 2161 862 2193 ut
896 2148 1122 2209 quidquid

132 2211 420 2258 mediocriter
448 2211 631 2257 mollius
659 2210 826 2257 facium
852 2211 936 2265 est,
960 2217 1123 2274 migrat

133 2276 184 2322 in
215 2275 479 2328 reticulum,
529 2274 653 2335 quod
689 2287 842 2322 autern
880 2277 1039 2324 durius
1079 2281 1122 2325 &

134 2337 365 2398 asperitate
402 2337 480 2384 sua
511 2338 749 2385 molestum
785 2339 876 2392 est,
927 2341 976 2385 in
1011 2341 1123 2388 oeso-

133 2401 334 2462 phagum
375 2402 519 2454 redit,
570 2404 926 2450 ruminationem
968 2421 1122 2466 exper-

134 2478 301 2512 turum.

357 2545 398 2588 p.
419 2534 510 2587 458
549 2526 647 2588 post
678 2529 813 2575 linem
839 2544 883 2586 9.

175 2593 386 2640 Diarium
407 2593 537 2651 cujus
561 2593 642 2638 XL
665 2593 802 2639 Tomi
823 2610 973 2640 coram
1001 2591 1121 2649 sunt,

137 2663 285 2706 Giorn.
316 2657 366 2702 de
388 2657 581 2702 letterati
606 2654 696 2703 suis
725 2660 856 2705 annis
880 2657 1125 2706 recensebi-

133 2739 260 2775 mus,
296 2732 348 2768 ut
369 2721 635 2781 accepimus.

316 2808 475 2864 p2—460
510 2799 591 2848 sub
621 2803 649 2847 l.
677 2815 728 2858 13
763 2800 909 2864 supra.

173 2878 347 2937 EJUSD.
368 2877 562 2939 opuscula
567 2876 845 2940 phyfiologico
851 2878 1122 2944 pathologica

135 2940 230 2989 diff.
258 2944 341 2989 111.
381 2942 545 2990 ultima
574 2942 635 2990 est
663 2943 715 2997 de
741 2942 874 2992 senlu
909 2944 1120 3002 visionis,

2094 123 2187 178 783

1196 238 1370 285 Veron.
1404 245 1540 297 1763.
1570 240 1643 293 8.*
1708 243 1794 291 Pro
1836 243 2093 293 chorioidea
2116 249 2190 294 tu·'

1199 303 1300 348 nica
1327 314 1514 363 pugnat.
1583 305 1734 365 Negat
1760 309 1918 355 iridem
1944 308 2107 369 absque
2140 312 2188 356 vi

1200 364 1442 412 musculari
1466 366 1659 426 produci
1678 369 1809 429 poffe.
1879 373 2091 419 Retinam
2121 374 2191 420 ni-

1200 430 1287 475 mis
1323 431 1509 477 mollem
1546 429 1656 486 effe,
1701 432 2005 483 chorioideam
2048 436 2189 484 elasti-

1200 508 1295 539 cam
1327 496 1410 540 810,

1282 592 1324 635 p.
1339 582 1427 634 461
1460 574 1541 623 sub
1567 577 1594 623 l.
1618 590 1669 623 11
1699 579 1754 625 ad
1780 578 2102 628 dissertationes

1478 641 1901 690 LEmENruos‘rii.

1233 702 1308 763 EJ.
1346 702 1397 749 de
1420 716 1584 751 naturae
1603 705 1755 764 lusibus
1766 708 1936 754 Duisb.
1957 720 2089 765 1750.
2105 707 2188 767 4*

1240 785 1315 844 EJ.
1352 785 1545 832 vindiciae
1558 800 1642 847 pro
1656 788 1785 846 officio
1801 789 2068 848 controversi)
2080 789 2189 848 mus-

1196 848 1280 893 culi
1302 848 1516 910 digcssrici
1548 851 1786 912 Duisburg
1806 866 1939 910 1771.
1968 865 2014 911 4.

1240 929 1316 990 EJ.
1353 942 1561 989 quatenus
1583 947 1734 995 corpus
1763 933 1991 981 humanum
2009 933 2070 992 fit
2099 950 2188 979 mci-

1196 990 1319 1039 chinu
1353 994 1417 1039 ib.
1437 1007 1573 1053 1771.
1593 1009 1638 1055 4.

1242 1075 1317 1135 EJ.
1355 1075 1406 1120 (Ie
1423 1074 1547 1135 sensu
1572 1083 1646 1138 qui
1668 1083 1713 1125 in
1725 1080 1931 1141 fimcibus
1955 1081 2020 1141 est,
2054 1078 2107 1126 ab
2141 1098 2186 1128 eo

1194 1143 1267 1198 qui
1287 1143 1329 1184 in
1356 1139 1504 1200 lingua
1530 1155 1752 1190 exercetur
1769 1146 1900 1205 plane
1922 1144 2092 1204 diverso
2123 1144 2185 1191 ib.

1199 1215 1335 1260 1771.
1362 1215 1405 1262 4.

1396 1304 1445 1347 p.
1468 1293 1561 1346 468
1598 1288 1651 1334 ad
1678 1289 1820 1336 imam
1848 1290 1961 1338 adde

1235 1349 1452 1398 CORBYN
1476 1354 1684 1399 Mortuis
1709 1356 1867 1400 auctor
1899 1354 1959 1400 est
1986 1354 2080 1416 ofa
2112 1355 2190 1402 let-

1192 1425 1260 1459 ter
1289 1425 1332 1460 to
1354 1432 1379 1460 a
1406 1415 1630 1476 hystander
1679 1414 1881 1464 London
1909 1431 2023 1476 1751
2044 1453 2056 1472 ,
2100 1435 2191 1480 qua

1191 1479 1487 1525 continentur
1507 1479 1843 1527 observationes
1862 1483 1915 1527 de
1935 1487 2189 1529 incremen-

1192 1554 1241 1587 to
1278 1544 1318 1587 &
1346 1541 1554 1603 praesenti
1586 1544 1700 1591 statu
1728 1546 1908 1592 numeri
1934 1547 2188 1595 incolarum

1193 1605 1565 1653 Londinenlium.

1445 1706 1487 1749 p.
1510 1696 1602 1747 469
1639 1691 1666 1735 l.
1694 1705 1721 1746 9
1758 1691 1812 1737 ad
1839 1691 1918 1738 fin.

1191 1752 1291 1799 Imo
1303 1768 1411 1799 vero
1424 1752 1516 1814 ipse
1535 1756 1689 1800 audior
1703 1755 1763 1800 est
1779 1760 1914 1802 Lucas
1927 1757 2008 1803 MA
2018 1771 2186 1806 RTxNi.

1223 1851 1264 1896 p.
1280 1847 1369 1894 471
1412 1834 1640 1897 Aedologie
1661 1837 1794 1882 video
1823 1838 1964 1886 tribui
1985 1841 2043 1886 D.
2061 1841 2156 1887 AR-

1415 1912 1587 1947 NAULD
1614 1901 1667 1945 de
1690 1901 1943 1951 Nobleville.

1471 1988 1623 2042 p.481
1663 1981 1795 2029 subl.
1828 1997 1896 2041 13.

1234 2043 1360 2091 Willi.
1384 2046 1558 2092 CLARI<
1592 2046 1683 2108 (lzff
1723 2065 1774 2094 on
1805 2047 1872 2094 the
1893 2050 2027 2110 effefls
2051 2050 2185 2112 offfe

1186 2109 1369 2170 passtons
1390 2116 1432 2155 in
1453 2108 1607 2156 human
1635 2111 1744 2170 body
1784 2114 1926 2159 Lond.
1954 2128 2088 2173 1752.
2117 2123 2159 2169 8.

1192 2207 1233 2251 p.
1247 2198 1337 2249 483
1356 2192 1383 2236 l.
1404 2198 1427 2244 8
1449 2190 1577 2252 supra
1592 2193 1728 2239 imam
1744 2193 1839 2240 dele
1857 2197 2181 2244 MERRYM-AN.

1242 2290 1284 2333 p.
1301 2280 1392 2332 488
1429 2275 1504 2332 l.4
1536 2273 1667 2335 supra
1696 2276 1830 2322 imam
1854 2276 1907 2322 ad
1932 2281 2138 2327 Laurent.

1450 2339 1638 2395 cajetan.
1666 2340 1818 2386 FABRI
1846 2340 1944 2386 add.

1191 2403 1222 2433 *
1258 2406 1398 2451 Nune
1425 2407 1524 2467 legi.
1595 2409 1755 2454 Latine
1781 2411 1945 2468 pariter
1964 2411 2002 2455 8.-
2028 2410 2183 2455 Italice

1193 2468 1347 2515 edidit.
1418 2471 1638 2517 Somnum
1662 2471 1742 2518 effe
1765 2472 1945 2532 spiritus
1977 2474 2184 2520 animalis

1191 2534 1241 2578 in
1261 2531 1303 2578 se
1327 2531 1471 2594 ipsum
1496 2536 1535 2581 &
1562 2536 1609 2580 in
1629 2534 1758 2581 suuni
1786 2537 2058 2601 principium
2079 2553 2186 2582 con-

1193 2597 1477 2643 tractionem.
1548 2600 1722 2659 Opium
1749 2615 1876 2658 agere
1904 2599 2183 2660 potissimum

1193 2672 1317 2721 parte
1348 2660 1568 2714 sulfurea,
1608 2679 1764 2708 verum
1781 2663 1990 2710 somnum
2007 2680 2101 2709 non
2121 2662 2186 2709 fa-

1194 2741 1314 2777 cere,
1351 2724 1425 2771 sed
1453 2724 1733 2785 pressionem.
1826 2729 2009 2774 Motum
2038 2728 2186 2774 cordis

1194 2787 1333 2835 evulsi
1375 2788 1454 2835 effe
1494 2807 1517 2834 a
1556 2787 1716 2848 spirit-u
1754 2792 2024 2852 primigenio
2060 2791 2186 2837 cordi

1193 2851 1343 2898 insito.
1414 2852 1630 2911 Spiritum
1651 2853 1909 2913 prolis-icum
1931 2856 1981 2901 in
2005 2854 2185 2916 sangui-

1191 2932 1249 2962 ne
1277 2916 1497 2969 nidulari,
1535 2913 1743 2964 fabricari
1765 2934 1864 2974 cor,
1905 2920 2066 2967 deinde
2087 2934 2185 2979 par-

1192 2984 1259 3028 tes
1286 2981 1495 3040 reliquas.
2022 3033 2065 3077 p.
2087 3020 2147 3075 48
2152 3027 2183 3070 9
