2531 3394
306 114 404 169 674
725 111 858 191 tm.
899 110 988 159 IX.
1057 107 1470 158 ANATOMES
1519 108 1956 186 PERFECTIO.

1020 246 1058 295 §.
1092 242 1142 287 M
1158 241 1194 287 C
1211 240 1248 286 C
1262 239 1354 286 LV
1367 210 1418 287 I,
1505 242 1641 287 Sueci.

443 337 622 384 Nicolai
644 337 991 386 ALSTROEMER
1025 339 1093 384 tal
1113 353 1177 383 om
1206 336 1285 382 den
1299 337 1580 400 finylligefiir
1603 335 1799 397 afwelfhn
1847 338 2083 388 Stokholm
2110 355 2245 402 1770.
2287 341 2366 398 8.*

306 401 378 447 De
415 403 738 462 propagatione
773 405 1009 449 meliorum
1051 402 1321 447 varietatum
1363 405 1538 461 generis
1577 401 1721 451 ovilli.
1789 403 1972 448 Animal
2003 420 2030 449 a
2065 419 2206 455 matre
2246 409 2326 455 effe
2350 443 2361 463 ,

307 463 559 512 masculum
584 464 734 512 semen
766 479 974 512 externas
1006 477 1149 525 partes
1179 463 1464 525 perfectiores
1487 465 1685 511 reddere.

437 547 604 594 RABBE
635 549 702 593 tal
736 565 801 594 om
829 546 926 608 folk
951 546 1157 607 miingden
1186 550 1201 591 i
1233 545 1376 592 aldere
1405 545 1478 593 och
1506 558 1639 606 nyare
1670 546 1788 592 tiden
1835 546 2077 594 Stokholm
2110 561 2233 608 1770
2287 550 2365 606 8.*

308 609 366 656 In
400 612 559 656 Suecia
588 611 706 671 posse
740 628 794 656 ex
822 611 1078 657 viventium
1112 626 1304 654 numero
1332 609 1512 656 definiri
1542 626 1783 657 numerum
1822 613 2118 660 morientium
2154 617 2196 661 ὃς
2231 628 2365 676 partu

313 673 566 728 editorum,
597 674 721 722 hunc
749 674 804 721 ad
839 676 882 738 ᾗ
909 676 1190 727 viventium,
1226 674 1356 720 illum
1381 675 1434 720 ad
1457 675 1516 738 2¹?-

891 809 929 858 §.
966 806 1018 852 M
1033 805 1069 851 C
1084 805 1121 851 C
1135 805 1170 852 L
1183 804 1229 851 V
1243 805 1262 851 I
1275 806 1311 851 I.
1415 805 1753 866 Dzsputationes.

441 905 484 965 J.
504 901 551 951 B.
579 904 648 950 LA
667 903 878 949 LANGUE
904 902 1173 964 Nevrologia
1211 903 1364 948 Wien
1390 913 1524 960 1770.
1551 899 1629 956 8.*
1674 900 1772 963 Ipsa
1791 914 2001 950 anatome
2020 905 2170 952 inanis
2192 906 2267 954 est.

438 987 481 1047 J.
503 987 845 1032 HAWRANECK
874 983 926 1029 de
946 988 1114 1030 vomitu
1146 984 1299 1030 Wien
1320 995 1457 1042 1770.

442 1067 485 1128 J.
509 1067 815 1113 PURTSCHER
846 1064 949 1111 Idea
977 1065 1149 1113 hominiss
1169 1065 1375 1127 generalis
1411 1065 1565 1111 Wien
1591 1078 1728 1124 1770.

436 1148 511 1194 Al.
537 1152 648 1208 Nep.
669 1148 1003 1195 KRECSOVSKY
1043 1147 1094 1193 de
1122 1146 1306 1204 miffione
1327 1146 1545 1207 sanguinis
1589 1148 1742 1193 Wien
1770 1158 1904 1206 1770.
1929 1147 2008 1202 8.*
2075 1149 2266 1209 Sanguis
2290 1168 2366 1199 ve-

311 1211 448 1261 nosus
465 1210 622 1258 resistit
642 1209 854 1271 sanguini
881 1210 1096 1257 arterioso
1112 1245 1125 1264 ,
1163 1209 1270 1256 hinc
1299 1227 1414 1256 vena
1429 1222 1579 1271 aperta
1604 1209 1786 1271 sanguis
1811 1210 2049 1259 arteriosus
2069 1216 2358 1263 acceleratur.

438 1298 484 1348 J.
506 1290 897 1352 ChristimtBRAND
917 1292 968 1338 de
971 1292 1162 1351 secundis
1174 1291 1353 1338 ambitui
1364 1295 1451 1352 ostii
1461 1297 1647 1338 materni
1660 1297 1820 1338 interni
1830 1293 1984 1355 adfixa-‘5
2020 1294 2143 1340 Leid.
2165 1309 2299 1354 1770.
2317 1310 2362 1356 4.

447 1373 620 1423 Conrad
637 1391 726 1419 van
751 1375 857 1420 SOM
880 1374 932 1420 de
939 1375 1169 1436 spirituum
1189 1375 1458 1420 naturalium
1482 1386 1643 1421 natura
1675 1372 1732 1429 ἓξ
1747 1375 1863 1420 vitiis
1898 1374 2091 1422 Utrecht
2119 1388 2254 1436 1770.
2281 1375 2366 1437 4*

432 1457 477 1519 J.
502 1457 644 1502 GNEE
673 1455 724 1501 de
750 1456 1030 1517 respiratione
1063 1455 1258 1504 Utrecht
1282 1469 1417 1514 1770.
1436 1469 1482 1515 4.

438 1536 621 1585 Eduard
645 1538 919 1584 STRAETEN
948 1538 1000 1585 de
1018 1542 1066 1584 vi
1089 1538 1222 1584 cordis
1247 1543 1421 1585 motrice
1452 1537 1646 1586 Utrecht
1670 1552 1806 1598 1770.
1833 1537 1919 1598 4*

435 1624 546 1675 Jani
567 1623 719 1665 Marci
742 1620 903 1666 BUSCH
935 1632 993 1666 tr.
1020 1620 1070 1666 de
1094 1619 1369 1678 mechanifhzo
1403 1626 1556 1682 organi
1583 1625 1697 1667 vocis
1716 1655 1727 1674 ,
1764 1619 1959 1681 hujusque
1982 1621 2204 1682 fimfflione
2249 1625 2367 1672 Gro-

310 1686 439 1745 ning.
464 1698 600 1741 1770.
624 1682 706 1740 4*
759 1684 826 1728 Ex
839 1685 907 1729 Cl.
924 1685 1156 1730 CAMPERI
1177 1683 1449 1744 potiffimum
1467 1686 1901 1744 experimentisnata
1918 1688 2091 1746 egregia
2104 1687 2363 1747 disputatio.

307 1751 364 1796 In
378 1749 636 1807 cartilagine
664 1745 945 1806 thyreoidea,
963 1749 1017 1793 ad
1032 1749 1226 1793 radicem
1243 1747 1460 1807 proceffus
1477 1747 1686 1808 supremi,
1703 1747 1907 1794 foramen
1921 1763 2104 1796 ovatum
2124 1751 2184 1797 est
2200 1753 2249 1798 in
2263 1751 2366 1799 fim-

310 1813 399 1859 st-ro
428 1814 562 1858 latere
590 1812 763 1871 majus,
802 1812 908 1858 alias
935 1824 1116 1858 tantum
1137 1813 1186 1857 in
1214 1813 1402 1864 dextro,
1432 1829 1509 1872 per
1532 1813 1655 1871 quod
1681 1829 1846 1858 nervus
1874 1813 2071 1859 advenit.
2146 1816 2386 1862 Articula-

312 1877 487 1922 tionem
512 1875 782 1934 cartilaginis
814 1876 1044 1922 cricoideae
1075 1892 1176 1921 cum
1197 1874 1461 1934 thyreoidea
1487 1877 1664 1935 planam
1690 1874 1785 1922 effe.
1857 1878 1910 1922 In
1929 1876 1999 1923 his
2024 1878 2362 1940 cartilaginibus

313 1939 531 1986 senilibus
552 1939 600 1984 in
623 1938 890 1998 corporibus
913 1939 1154 1985 medullam
1175 1938 1363 1985 solidam
1388 1941 1585 2000 reperiri.
1655 1941 1838 1999 Larynx
1852 1939 1941 1986 urfi
1967 1942 2160 1987 marini:
2198 1943 2364 1989 hocso-

312 2004 409 2049 lum
439 2003 606 2048 animal
629 2001 766 2047 habet
794 2004 1060 2063 appendices
1089 2006 1396 2050 SANTORINI.
1468 2005 1743 2050 CAMPERUS
1771 2004 1824 2049 ab
1852 2021 1893 2054 a,
1918 2014 2052 2063 1767.
2091 2005 2200 2067 duas
2234 2008 2365 2054 carti-

312 2067 484 2126 lagines
514 2067 678 2125 reperit
705 2067 753 2110 in
780 2068 1063 2119 membrana,
1103 2084 1201 2127 quae
1230 2068 1284 2112 ab
1319 2068 1583 2128 epiglottide
1617 2068 1671 2112 ad
1704 2069 2112 2127 arytaenoidearum
2142 2071 2364 2132 cartilagi-

313 2146 426 2175 num
452 2129 646 2188 capitula
674 2130 977 2189 expanditur:
1013 2132 1063 2176 in
1090 2131 1360 2177 animalibus
1388 2132 1595 2190 quidem,
1633 2148 1767 2183 cane,
1805 2134 1939 2191 vulpe
1958 2167 1970 2183 ,
2009 2134 2126 2192 talpa
2152 2135 2360 2194 majores.

312 2191 595 2252 Marsupium
625 2193 674 2238 in
698 2210 895 2240 concava
920 2208 1042 2254 parte
1066 2193 1169 2241 offis
1197 2194 1378 2254 liyoidis
1405 2194 1660 2241 limiarum:
1714 2195 1772 2239 ob
1798 2196 1842 2240 id
1869 2212 2024 2241 vocem
2052 2213 2146 2243 non
2182 2197 2362 2257 poffunt

310 2257 442 2303 >edere
495 2256 571 2312 (id
603 2254 876 2316 marsupium
904 2260 1101 2316 ahaztjoue
1138 2275 1232 2304 non
1268 2259 1483 2304 omnibus
1520 2257 1655 2304 simiis
1688 2259 1841 2304 datum
1872 2259 1997 2314 est).
2069 2261 2122 2307 ln
2151 2263 2362 2309 cuniculo

310 2320 472 2367 Indico
504 2336 650 2379 neque
677 2336 831 2374 nareS,
869 2339 1015 2382 neque
1045 2325 1206 2381 larynx
1225 2357 1236 2375 ‚
1274 2339 1355 2368 nec
1385 2322 1593 2382 pliarynx
1615 2323 1669 2367 ad
1693 2340 1742 2368 os
1771 2335 1949 2382 patent,
1990 2322 2065 2369 sed
2094 2327 2245 2371 velum
2287 2343 2363 2386 pa-

313 2384 507 2430 latinum
536 2382 627 2428 basi
653 2381 754 2437 offis
786 2383 965 2444 hyoidis
997 2385 1242 2447 adfigitur:
1297 2387 1346 2432 in
1381 2403 1433 2431 eo
1470 2387 1617 2432 medio
1644 2385 1847 2432 foramen
1884 2388 1965 2437 est.
2004 2390 2126 2448 quod
2156 2390 2282 2436 ducit
2312 2391 2363 2436 in

311 2446 461 2494 fauces
493 2449 534 2494 ὃς
560 2445 879 2506 oesophagum,
918 2452 1117 2510 margine
1149 2448 1269 2510 quali
1298 2449 1549 2510 sphindlere
1576 2452 1804 2497 cinctum:
1845 2452 1968 2497 Hinc
1995 2453 2176 2499 videtur
2201 2453 2247 2499 id
2267 2455 2363 2499 ani-

312 2512 401 2557 mal
430 2512 684 2560 ruminare,
717 2512 823 2569 quia
854 2512 978 2558 cibos
1000 2531 1092 2558 non
1111 2514 1252 2573 potest
1276 2515 1512 2575 deglutire,
1548 2513 1628 2560 nili
1657 2516 1913 2574 perminute
1938 2517 2174 2563 contritos.
2242 2515 2360 2563 Bafis

316 2573 419 2620 offis
447 2574 629 2634 hyoidis
660 2572 819 2634 sponte
852 2576 1075 2621 incumbit
1116 2580 1364 2637 cartilagini
1396 2578 1701 2638 thyreoideae:
1748 2579 1930 2638 quando
1963 2597 2070 2625 vero
2106 2596 2197 2625 vox
2227 2592 2359 2626 acuta

311 2639 488 2691 editur,
525 2650 634 2684 tunc
662 2655 710 2683 os
736 2637 924 2698 hyoides
946 2640 1198 2686 antrorlizm
1225 2642 1450 2695 trahitur,
1485 2656 1536 2688 ut
1561 2644 1742 2688 tandem
1767 2642 1878 2689 basis
1908 2645 2026 2688 ultra
2049 2645 2360 2703 cartilaginem

312 2700 622 2748 scutiformem
661 2703 936 2761 producatur
959 2737 970 2755 ,
1022 2705 1062 2749 8<
1089 2702 1216 2750 simul
1248 2708 1406 2762 larynx
1452 2720 1571 2751 retro
1607 2705 1729 2752 basin
1773 2705 1874 2752 offis
1914 2705 2094 2766 hyoidis
2124 2708 2357 2760 elevetur,

313 2764 373 2811 sic
400 2768 560 2824 larynx
586 2766 725 2822 magis
749 2765 922 2813 sursum
950 2779 1047 2819 eat,
1098 2784 1146 2812 os
1183 2768 1370 2827 hyoides
1410 2772 1551 2827 magis
1580 2769 1849 2816 antrorsum.
1950 2772 2074 2815 Dum
2110 2787 2234 2817 nunc
2269 2788 2361 2818 car-

240 2842 247 2845 ·
314 2830 454 2888 tilago
481 2828 746 2888 thyreoidea
775 2829 1028 2883 adscendit,
1066 2830 1305 2891 ligamenta
1335 2830 1621 2886 tenduntur,
1670 2833 1886 2893 liquidem
1921 2831 2183 2891 thyreoidea
2217 2836 2361 2882 eleva-

315 2902 418 2943 tur,
454 2893 768 2951 arytaenoideae
799 2912 907 2941 vero
943 2896 1127 2940 inmotae
1158 2894 1392 2948 resistunt,
1445 2899 1486 2942 ἃ
1515 2896 1665 2956 aspera
1704 2898 1865 2942 arteria
1903 2894 2020 2942 forte
2049 2897 2256 2946 deorsum
2295 2900 2356 2953 it,

312 2965 451 3018 atque
480 2956 746 3004 cricoideam
772 2956 920 3006 secum
950 2958 1098 3013 duest,
1146 2970 1206 3005 ut·
1226 2956 1401 3005 sursum
1435 2959 1698 3021 thyreoidea
1729 2958 1823 3006 sola
1861 2972 1947 3007 cat.
2047 2963 2225 3008 Deinde
2255 2962 2360 3022 thy-

2182 3028 2361 3075 reoidea
