<?xml version="1.0" encoding="UTF-8"?>
<!DOCTYPE html PUBLIC "-//W3C//DTD XHTML 1.0 Transitional//EN"
    "http://www.w3.org/TR/xhtml1/DTD/xhtml1-transitional.dtd">
<html xmlns="http://www.w3.org/1999/xhtml" xml:lang="en" lang="en">
 <head>
  <title>
</title>
<meta http-equiv="Content-Type" content="text/html;charset=utf-8" />
  <meta name='ocr-system' content='tesseract 3.04.00' />
  <meta name='ocr-capabilities' content='ocr_page ocr_carea ocr_par ocr_line ocrx_word'/>
</head>
<body>
  <div class='ocr_page' id='page_1' title='image "bibliothecaanato02hall_0396.png"; bbox 0 0 2531 3394; ppageno 0'>
   <div class='ocr_carea' id='block_1_1' title="bbox 1557 44 1584 61">
    <p class='ocr_par' dir='ltr' id='par_1_1' title="bbox 1557 44 1584 61">
     <span class='ocr_line' id='line_1_1' title="bbox 1557 44 1584 61; baseline 0 0"><span class='ocrx_word' id='word_1_1' title='bbox 1557 44 1584 61; x_wconf 69' lang='lat' dir='ltr'><em>l</em></span> 
     </span>
    </p>
   </div>
   <div class='ocr_carea' id='block_1_2' title="bbox 312 79 1979 185">
    <p class='ocr_par' dir='ltr' id='par_1_2' title="bbox 312 79 1979 185">
     <span class='ocr_line' id='line_1_2' title="bbox 312 79 1979 185; baseline 0.002 -24"><span class='ocrx_word' id='word_1_2' title='bbox 312 127 405 179; x_wconf 65' lang='lat'><strong>335</strong></span> <span class='ocrx_word' id='word_1_3' title='bbox 606 104 624 110; x_wconf 86' lang='grc'><em>“</em></span> <span class='ocrx_word' id='word_1_4' title='bbox 678 120 838 185; x_wconf 66' lang='lat' dir='ltr'><strong>tm.</strong></span> <span class='ocrx_word' id='word_1_5' title='bbox 884 121 979 167; x_wconf 73' lang='lat' dir='ltr'><strong>ix.</strong></span> <span class='ocrx_word' id='word_1_6' title='bbox 1048 81 1468 166; x_wconf 72' lang='lat' dir='ltr'><strong>ANAToiiES</strong></span> <span class='ocrx_word' id='word_1_7' title='bbox 1524 79 1979 167; x_wconf 59' lang='lat' dir='ltr'><strong>PEiz-FECTIO.</strong></span> 
     </span>
    </p>
   </div>
   <div class='ocr_carea' id='block_1_3' title="bbox 280 244 2371 376">
    <p class='ocr_par' dir='ltr' id='par_1_3' title="bbox 280 244 2371 376">
     <span class='ocr_line' id='line_1_3' title="bbox 280 244 2371 317; baseline -0.002 -15"><span class='ocrx_word' id='word_1_8' title='bbox 280 262 297 273; x_wconf 77' lang='lat'><strong><em>‘</em></strong></span> <span class='ocrx_word' id='word_1_9' title='bbox 315 255 398 317; x_wconf 56' lang='lat' dir='ltr'><strong>{tis</strong></span> <span class='ocrx_word' id='word_1_10' title='bbox 433 254 484 300; x_wconf 87' lang='lat' dir='ltr'><strong>in</strong></span> <span class='ocrx_word' id='word_1_11' title='bbox 509 250 781 303; x_wconf 80' lang='lat' dir='ltr'>animalibus</span> <span class='ocrx_word' id='word_1_12' title='bbox 809 251 939 298; x_wconf 80' lang='lat' dir='ltr'><strong>rubia</strong></span> <span class='ocrx_word' id='word_1_13' title='bbox 971 249 1104 311; x_wconf 85' lang='lat' dir='ltr'><strong>pastis</strong></span> <span class='ocrx_word' id='word_1_14' title='bbox 1121 281 1134 301; x_wconf 90' lang='lat'>‚</span> <span class='ocrx_word' id='word_1_15' title='bbox 1181 248 1226 295; x_wconf 85' lang='lat'>&amp;</span> <span class='ocrx_word' id='word_1_16' title='bbox 1251 262 1450 308; x_wconf 85' lang='lat' dir='ltr'><strong>quorum</strong></span> <span class='ocrx_word' id='word_1_17' title='bbox 1485 244 1573 296; x_wconf 83' lang='lat' dir='ltr'><strong>offa</strong></span> <span class='ocrx_word' id='word_1_18' title='bbox 1602 245 1657 294; x_wconf 88' lang='lat' dir='ltr'><strong>de</strong></span> <span class='ocrx_word' id='word_1_19' title='bbox 1682 262 1808 294; x_wconf 91' lang='lat' dir='ltr'><strong>more</strong></span> <span class='ocrx_word' id='word_1_20' title='bbox 1835 247 2055 295; x_wconf 81' lang='lat' dir='ltr'><strong>rubedine</strong></span> <span class='ocrx_word' id='word_1_21' title='bbox 2083 247 2226 296; x_wconf 70' lang='lat' dir='ltr'><strong>tincta</strong></span> <span class='ocrx_word' id='word_1_22' title='bbox 2250 246 2371 299; x_wconf 78' lang='lat' dir='ltr'><strong>stint.</strong></span> 
     </span>
     <span class='ocr_line' id='line_1_4' title="bbox 311 315 2321 376; baseline -0.01 -10"><span class='ocrx_word' id='word_1_23' title='bbox 311 317 527 376; x_wconf 84' lang='lat' dir='ltr'><strong>Periostei</strong></span> <span class='ocrx_word' id='word_1_24' title='bbox 548 318 674 364; x_wconf 86' lang='lat' dir='ltr'><strong>color</strong></span> <span class='ocrx_word' id='word_1_25' title='bbox 700 333 798 363; x_wconf 88' lang='lat' dir='ltr'><strong>non</strong></span> <span class='ocrx_word' id='word_1_26' title='bbox 819 315 880 363; x_wconf 86' lang='lat' dir='ltr'><strong>est</strong></span> <span class='ocrx_word' id='word_1_27' title='bbox 905 325 1123 361; x_wconf 83' lang='lat' dir='ltr'><strong>mutatus.</strong></span> <span class='ocrx_word' id='word_1_28' title='bbox 1176 334 1179 337; x_wconf 52' lang='lat'><em>&gt;</em></span> <span class='ocrx_word' id='word_1_29' title='bbox 2318 322 2321 324; x_wconf 94' lang='lat'>·</span> 
     </span>
    </p>
   </div>
   <div class='ocr_carea' id='block_1_4' title="bbox 313 392 2375 578">
    <p class='ocr_par' dir='ltr' id='par_1_4' title="bbox 313 392 2375 578">
     <span class='ocr_line' id='line_1_5' title="bbox 445 392 2375 462; baseline -0.003 -14"><span class='ocrx_word' id='word_1_30' title='bbox 445 405 705 462; x_wconf 53' lang='lat' dir='ltr'><strong>Laurentius</strong></span> <span class='ocrx_word' id='word_1_31' title='bbox 730 400 1095 447; x_wconf 79' lang='lat' dir='ltr'><strong>BONAZZOLIUS</strong></span> <span class='ocrx_word' id='word_1_32' title='bbox 1119 393 1175 441; x_wconf 90' lang='lat' dir='ltr'><strong>de</strong></span> <span class='ocrx_word' id='word_1_33' title='bbox 1198 392 1286 441; x_wconf 87' lang='lat' dir='ltr'><strong>fitu</strong></span> <span class='ocrx_word' id='word_1_34' title='bbox 1309 392 1513 441; x_wconf 86' lang='lat' dir='ltr'><strong>intestini</strong></span> <span class='ocrx_word' id='word_1_35' title='bbox 1537 392 1741 440; x_wconf 86' lang='lat' dir='ltr'>duodeni</span> <span class='ocrx_word' id='word_1_36' title='bbox 1759 411 1774 455; x_wconf 71' lang='lat' dir='ltr'><em>J</em></span> <span class='ocrx_word' id='word_1_37' title='bbox 1826 393 1880 441; x_wconf 90' lang='lat' dir='ltr'><strong>de</strong></span> <span class='ocrx_word' id='word_1_38' title='bbox 1909 394 2090 443; x_wconf 82' lang='lat' dir='ltr'><strong>valvula</strong></span> <span class='ocrx_word' id='word_1_39' title='bbox 2122 395 2171 443; x_wconf 85' lang='lat' dir='ltr'><strong>in</strong></span> <span class='ocrx_word' id='word_1_40' title='bbox 2208 404 2375 458; x_wconf 74' lang='lat' dir='ltr'><strong>appen-</strong></span> 
     </span>
     <span class='ocr_line' id='line_1_6' title="bbox 313 457 2373 539; baseline -0.002 -26"><span class='ocrx_word' id='word_1_41' title='bbox 313 465 477 539; x_wconf 79' lang='lat' dir='ltr'><strong>diculae</strong></span> <span class='ocrx_word' id='word_1_42' title='bbox 507 462 813 512; x_wconf 80' lang='lat' dir='ltr'><strong>vermiformis</strong></span> <span class='ocrx_word' id='word_1_43' title='bbox 843 461 900 509; x_wconf 86' lang='lat' dir='ltr'><strong>ad</strong></span> <span class='ocrx_word' id='word_1_44' title='bbox 927 476 1095 512; x_wconf 67' lang='lat' dir='ltr'><strong>caecum</strong></span> <span class='ocrx_word' id='word_1_45' title='bbox 1114 458 1382 506; x_wconf 88' lang='lat' dir='ltr'><strong>intestinum</strong></span> <span class='ocrx_word' id='word_1_46' title='bbox 1401 457 1579 519; x_wconf 83' lang='lat' dir='ltr'><strong>ostiolo.</strong></span> <span class='ocrx_word' id='word_1_47' title='bbox 1647 457 2120 530; x_wconf 71' lang='lat' dir='ltr'><strong>Adpendixintestini.</strong></span> <span class='ocrx_word' id='word_1_48' title='bbox 2187 460 2373 508; x_wconf 85' lang='lat' dir='ltr'>Renum</span> 
     </span>
     <span class='ocr_line' id='line_1_7' title="bbox 314 541 568 578; baseline -0.004 -1"><span class='ocrx_word' id='word_1_49' title='bbox 314 541 568 578; x_wconf 73' lang='lat' dir='ltr'><strong>varietates.</strong></span> 
     </span>
    </p>
   </div>
   <div class='ocr_carea' id='block_1_5' title="bbox 398 578 2372 749">
    <p class='ocr_par' dir='ltr' id='par_1_5' title="bbox 398 578 2372 749">
     <span class='ocr_line' id='line_1_8' title="bbox 447 578 2372 673; baseline -0.002 -15"><span class='ocrx_word' id='word_1_50' title='bbox 447 608 647 673; x_wconf 67' lang='lat' dir='ltr'><strong>JosIVER</strong></span> <span class='ocrx_word' id='word_1_51' title='bbox 656 622 824 658; x_wconf 80' lang='lat' dir='ltr'>ATTUS</span> <span class='ocrx_word' id='word_1_52' title='bbox 838 607 921 655; x_wconf 88' lang='grc' dir='ltr'>Ρ.Ι.</span> <span class='ocrx_word' id='word_1_53' title='bbox 941 608 983 654; x_wconf 86' lang='lat'>&amp;</span> <span class='ocrx_word' id='word_1_54' title='bbox 998 606 1055 654; x_wconf 89' lang='lat'><strong>11.</strong></span> <span class='ocrx_word' id='word_1_55' title='bbox 1069 608 1140 654; x_wconf 89' lang='lat' dir='ltr'><strong>De</strong></span> <span class='ocrx_word' id='word_1_56' title='bbox 1153 606 1314 654; x_wconf 88' lang='lat' dir='ltr'><strong>catella</strong></span> <span class='ocrx_word' id='word_1_57' title='bbox 1330 620 1429 652; x_wconf 90' lang='lat' dir='ltr'><strong>non</strong></span> <span class='ocrx_word' id='word_1_58' title='bbox 1441 605 1633 652; x_wconf 64' lang='lat' dir='ltr'><strong>lactente</strong></span> <span class='ocrx_word' id='word_1_59' title='bbox 1646 602 1754 652; x_wconf 87' lang='lat' dir='ltr'><strong>feles</strong></span> <span class='ocrx_word' id='word_1_60' title='bbox 1766 605 1832 656; x_wconf 80' lang='lat' dir='ltr'><strong>lac</strong></span> <span class='ocrx_word' id='word_1_61' title='bbox 1845 578 2143 653; x_wconf 82' lang='lat' dir='ltr'><strong>extraxerunt</strong></span> <span class='ocrx_word' id='word_1_62' title='bbox 2155 603 2372 668; x_wconf 84' lang='lat' dir='ltr'><strong>sugendo.</strong></span> 
     </span>
     <span class='ocr_line' id='line_1_9' title="bbox 398 684 1524 749; baseline -0.009 -6"><span class='ocrx_word' id='word_1_63' title='bbox 398 723 424 733; x_wconf 45' lang='grc' dir='ltr'><strong>κ»</strong></span> <span class='ocrx_word' id='word_1_64' title='bbox 446 697 689 742; x_wconf 87' lang='lat' dir='ltr'><strong>Pulmones</strong></span> <span class='ocrx_word' id='word_1_65' title='bbox 715 693 914 738; x_wconf 70' lang='lat' dir='ltr'><strong>extracto</strong></span> <span class='ocrx_word' id='word_1_66' title='bbox 937 696 1038 736; x_wconf 75' lang='lat' dir='ltr'><strong>aere</strong></span> <span class='ocrx_word' id='word_1_67' title='bbox 1058 689 1110 736; x_wconf 89' lang='lat' dir='ltr'><strong>in</strong></span> <span class='ocrx_word' id='word_1_68' title='bbox 1139 704 1256 749; x_wconf 85' lang='lat' dir='ltr'><strong>aqua</strong></span> <span class='ocrx_word' id='word_1_69' title='bbox 1282 684 1524 734; x_wconf 86' lang='lat' dir='ltr'><strong>subfidere.</strong></span> 
     </span>
    </p>
   </div>
   <div class='ocr_carea' id='block_1_6' title="bbox 321 766 2378 897">
    <p class='ocr_par' dir='ltr' id='par_1_6' title="bbox 321 766 2378 897">
     <span class='ocr_line' id='line_1_10' title="bbox 449 766 2378 830; baseline -0.004 -5"><span class='ocrx_word' id='word_1_70' title='bbox 449 780 584 826; x_wconf 78' lang='lat' dir='ltr'><strong>IDEM</strong></span> <span class='ocrx_word' id='word_1_71' title='bbox 612 776 674 822; x_wconf 88' lang='lat' dir='ltr'><strong>ib.</strong></span> <span class='ocrx_word' id='word_1_72' title='bbox 703 775 756 820; x_wconf 86' lang='lat' dir='ltr'><strong>de</strong></span> <span class='ocrx_word' id='word_1_73' title='bbox 774 772 1050 820; x_wconf 81' lang='lat' dir='ltr'>animalibus</span> <span class='ocrx_word' id='word_1_74' title='bbox 1063 772 1112 817; x_wconf 86' lang='lat' dir='ltr'><strong>in</strong></span> <span class='ocrx_word' id='word_1_75' title='bbox 1133 779 1234 817; x_wconf 78' lang='lat' dir='ltr'><strong>aere</strong></span> <span class='ocrx_word' id='word_1_76' title='bbox 1246 786 1343 816; x_wconf 87' lang='lat' dir='ltr'><strong>non</strong></span> <span class='ocrx_word' id='word_1_77' title='bbox 1359 780 1581 816; x_wconf 85' lang='lat' dir='ltr'><strong>renovato</strong></span> <span class='ocrx_word' id='word_1_78' title='bbox 1593 767 1913 830; x_wconf 83' lang='lat' dir='ltr'><strong>pereuntibus,</strong></span> <span class='ocrx_word' id='word_1_79' title='bbox 1932 766 2161 815; x_wconf 86' lang='lat' dir='ltr'><strong>diminuta</strong></span> <span class='ocrx_word' id='word_1_80' title='bbox 2177 768 2378 829; x_wconf 85' lang='lat' dir='ltr'><strong>aliquan-</strong></span> 
     </span>
     <span class='ocr_line' id='line_1_11' title="bbox 321 830 2375 897; baseline -0.005 -6"><span class='ocrx_word' id='word_1_81' title='bbox 321 857 420 892; x_wconf 79' lang='lat' dir='ltr'><strong>tum</strong></span> <span class='ocrx_word' id='word_1_82' title='bbox 449 843 561 889; x_wconf 80' lang='lat' dir='ltr'><strong>aeris</strong></span> <span class='ocrx_word' id='word_1_83' title='bbox 589 837 860 885; x_wconf 81' lang='lat' dir='ltr'><strong>elasticitate.</strong></span> <span class='ocrx_word' id='word_1_84' title='bbox 930 834 1209 897; x_wconf 83' lang='lat' dir='ltr'><strong>Corpuscula</strong></span> <span class='ocrx_word' id='word_1_85' title='bbox 1233 833 1552 895; x_wconf 82' lang='lat' dir='ltr'><strong>glandularum</strong></span> <span class='ocrx_word' id='word_1_86' title='bbox 1574 833 1736 880; x_wconf 79' lang='lat' dir='ltr'><strong>fimilia</strong></span> <span class='ocrx_word' id='word_1_87' title='bbox 1760 830 1914 893; x_wconf 81' lang='lat' dir='ltr'><strong>paffim</strong></span> <span class='ocrx_word' id='word_1_88' title='bbox 1930 849 2006 893; x_wconf 90' lang='lat' dir='ltr'><strong>per</strong></span> <span class='ocrx_word' id='word_1_89' title='bbox 2025 830 2194 880; x_wconf 86' lang='lat' dir='ltr'><strong>viscera</strong></span> <span class='ocrx_word' id='word_1_90' title='bbox 2216 831 2375 895; x_wconf 82' lang='lat' dir='ltr'><strong>sparsa.</strong></span> 
     </span>
    </p>
   </div>
   <div class='ocr_carea' id='block_1_7' title="bbox 453 914 1907 978">
    <p class='ocr_par' dir='ltr' id='par_1_7' title="bbox 453 914 1907 978">
     <span class='ocr_line' id='line_1_12' title="bbox 453 914 1907 978; baseline -0.006 -8"><span class='ocrx_word' id='word_1_91' title='bbox 453 925 685 973; x_wconf 74' lang='lat' dir='ltr'><em>Vincentius</em></span> <span class='ocrx_word' id='word_1_92' title='bbox 708 920 1030 973; x_wconf 71' lang='lat' dir='ltr'>MENGHINUS</span> <span class='ocrx_word' id='word_1_93' title='bbox 1058 917 1112 964; x_wconf 91' lang='lat' dir='ltr'><strong>de</strong></span> <span class='ocrx_word' id='word_1_94' title='bbox 1141 915 1436 978; x_wconf 83' lang='lat' dir='ltr'><strong>hydatidibus</strong></span> <span class='ocrx_word' id='word_1_95' title='bbox 1463 931 1567 962; x_wconf 87' lang='lat' dir='ltr'><strong>curn</strong></span> <span class='ocrx_word' id='word_1_96' title='bbox 1592 915 1705 962; x_wconf 91' lang='lat' dir='ltr'><strong>lotio</strong></span> <span class='ocrx_word' id='word_1_97' title='bbox 1731 914 1907 976; x_wconf 85' lang='lat' dir='ltr'><strong>egestis.</strong></span> 
     </span>
    </p>
   </div>
   <div class='ocr_carea' id='block_1_8' title="bbox 318 995 2381 1259">
    <p class='ocr_par' dir='ltr' id='par_1_8' title="bbox 318 995 2381 1259">
     <span class='ocr_line' id='line_1_13' title="bbox 450 995 2378 1062; baseline -0.004 -10"><span class='ocrx_word' id='word_1_98' title='bbox 450 1006 587 1052; x_wconf 83' lang='lat' dir='ltr'>IDEM</span> <span class='ocrx_word' id='word_1_99' title='bbox 621 1003 742 1050; x_wconf 90' lang='lat' dir='ltr'>P.11.</span> <span class='ocrx_word' id='word_1_100' title='bbox 773 1002 870 1062; x_wconf 84' lang='lat' dir='ltr'><strong>ejus</strong></span> <span class='ocrx_word' id='word_1_101' title='bbox 894 1002 1010 1047; x_wconf 90' lang='lat' dir='ltr'><strong>tomi</strong></span> <span class='ocrx_word' id='word_1_102' title='bbox 1037 1017 1075 1046; x_wconf 83' lang='lat' dir='ltr'><strong>a.</strong></span> <span class='ocrx_word' id='word_1_103' title='bbox 1099 1005 1233 1059; x_wconf 88' lang='lat'>1746.</span> <span class='ocrx_word' id='word_1_104' title='bbox 1268 999 1390 1044; x_wconf 82' lang='lat' dir='ltr'><strong>edita</strong></span> <span class='ocrx_word' id='word_1_105' title='bbox 1429 997 1484 1043; x_wconf 88' lang='lat' dir='ltr'><strong>de</strong></span> <span class='ocrx_word' id='word_1_106' title='bbox 1527 997 1760 1058; x_wconf 83' lang='lat' dir='ltr'>particulis</span> <span class='ocrx_word' id='word_1_107' title='bbox 1797 995 1953 1044; x_wconf 86' lang='lat' dir='ltr'><strong>ferreis</strong></span> <span class='ocrx_word' id='word_1_108' title='bbox 1982 998 2167 1057; x_wconf 82' lang='lat' dir='ltr'>repertis</span> <span class='ocrx_word' id='word_1_109' title='bbox 2197 998 2248 1044; x_wconf 79' lang='lat' dir='ltr'><strong>in</strong></span> <span class='ocrx_word' id='word_1_110' title='bbox 2280 995 2378 1045; x_wconf 83' lang='lat' dir='ltr'><strong>san-</strong></span> 
     </span>
     <span class='ocr_line' id='line_1_14' title="bbox 318 1060 2380 1133; baseline -0.005 -15"><span class='ocrx_word' id='word_1_111' title='bbox 318 1071 456 1133; x_wconf 80' lang='lat' dir='ltr'><strong>guine</strong></span> <span class='ocrx_word' id='word_1_112' title='bbox 472 1069 700 1115; x_wconf 78' lang='lat' dir='ltr'><strong>variorum</strong></span> <span class='ocrx_word' id='word_1_113' title='bbox 728 1066 997 1112; x_wconf 81' lang='lat' dir='ltr'><strong>animalium</strong></span> <span class='ocrx_word' id='word_1_114' title='bbox 1017 1099 1029 1118; x_wconf 81' lang='lat'>‚</span> <span class='ocrx_word' id='word_1_115' title='bbox 1069 1066 1110 1111; x_wconf 89' lang='lat'>&amp;</span> <span class='ocrx_word' id='word_1_116' title='bbox 1136 1066 1185 1110; x_wconf 91' lang='lat' dir='ltr'><strong>in</strong></span> <span class='ocrx_word' id='word_1_117' title='bbox 1207 1061 1400 1115; x_wconf 71' lang='lat' dir='ltr'><strong>ossibus,</strong></span> <span class='ocrx_word' id='word_1_118' title='bbox 1433 1060 1506 1108; x_wconf 82' lang='lat' dir='ltr'><strong>hic</strong></span> <span class='ocrx_word' id='word_1_119' title='bbox 1534 1078 1687 1122; x_wconf 82' lang='lat' dir='ltr'><strong>parce,</strong></span> <span class='ocrx_word' id='word_1_120' title='bbox 1739 1073 1873 1121; x_wconf 86' lang='lat' dir='ltr'><strong>atque</strong></span> <span class='ocrx_word' id='word_1_121' title='bbox 1901 1062 1951 1107; x_wconf 89' lang='lat' dir='ltr'><strong>in</strong></span> <span class='ocrx_word' id='word_1_122' title='bbox 1978 1062 2216 1115; x_wconf 84' lang='lat' dir='ltr'><strong>carnibus,</strong></span> <span class='ocrx_word' id='word_1_123' title='bbox 2246 1075 2299 1109; x_wconf 90' lang='lat' dir='ltr'><strong>ut</strong></span> <span class='ocrx_word' id='word_1_124' title='bbox 2328 1064 2380 1109; x_wconf 85' lang='lat' dir='ltr'><strong>in</strong></span> 
     </span>
     <span class='ocr_line' id='line_1_15' title="bbox 320 1123 2380 1196; baseline -0.004 -15"><span class='ocrx_word' id='word_1_125' title='bbox 320 1151 482 1196; x_wconf 80' lang='lat' dir='ltr'><strong>grumo</strong></span> <span class='ocrx_word' id='word_1_126' title='bbox 512 1132 654 1179; x_wconf 85' lang='lat' dir='ltr'><strong>rubro</strong></span> <span class='ocrx_word' id='word_1_127' title='bbox 673 1129 905 1191; x_wconf 81' lang='lat' dir='ltr'><strong>sanguinis</strong></span> <span class='ocrx_word' id='word_1_128' title='bbox 923 1145 1028 1175; x_wconf 73' lang='lat' dir='ltr'><strong>vera</strong></span> <span class='ocrx_word' id='word_1_129' title='bbox 1050 1129 1147 1188; x_wconf 82' lang='lat' dir='ltr'><strong>ejus</strong></span> <span class='ocrx_word' id='word_1_130' title='bbox 1163 1126 1271 1174; x_wconf 87' lang='lat' dir='ltr'><strong>ferri</strong></span> <span class='ocrx_word' id='word_1_131' title='bbox 1297 1125 1420 1172; x_wconf 82' lang='lat' dir='ltr'><strong>sedes</strong></span> <span class='ocrx_word' id='word_1_132' title='bbox 1443 1125 1525 1180; x_wconf 86' lang='lat' dir='ltr'><strong>fit,</strong></span> <span class='ocrx_word' id='word_1_133' title='bbox 1564 1127 1614 1172; x_wconf 89' lang='lat' dir='ltr'><strong>in</strong></span> <span class='ocrx_word' id='word_1_134' title='bbox 1624 1123 1812 1171; x_wconf 85' lang='lat' dir='ltr'><strong>homine</strong></span> <span class='ocrx_word' id='word_1_135' title='bbox 1831 1125 2135 1172; x_wconf 79' lang='lat' dir='ltr'><strong>uberioribus.</strong></span> <span class='ocrx_word' id='word_1_136' title='bbox 2205 1126 2380 1173; x_wconf 87' lang='lat' dir='ltr'><strong>Globu-</strong></span> 
     </span>
     <span class='ocr_line' id='line_1_16' title="bbox 319 1187 2381 1259; baseline -0.005 -11"><span class='ocrx_word' id='word_1_137' title='bbox 319 1202 388 1248; x_wconf 86' lang='lat' dir='ltr'><strong>los</strong></span> <span class='ocrx_word' id='word_1_138' title='bbox 407 1198 678 1259; x_wconf 80' lang='lat' dir='ltr'><strong>sanguineos</strong></span> <span class='ocrx_word' id='word_1_139' title='bbox 709 1211 807 1240; x_wconf 90' lang='lat' dir='ltr'><strong>non</strong></span> <span class='ocrx_word' id='word_1_140' title='bbox 828 1193 981 1242; x_wconf 83' lang='lat' dir='ltr'><strong>eadem</strong></span> <span class='ocrx_word' id='word_1_141' title='bbox 1008 1191 1088 1239; x_wconf 86' lang='lat' dir='ltr'><strong>effe</strong></span> <span class='ocrx_word' id='word_1_142' title='bbox 1108 1193 1158 1238; x_wconf 91' lang='lat' dir='ltr'><strong>in</strong></span> <span class='ocrx_word' id='word_1_143' title='bbox 1179 1191 1395 1238; x_wconf 89' lang='lat' dir='ltr'><strong>omnibus</strong></span> <span class='ocrx_word' id='word_1_144' title='bbox 1414 1189 1689 1237; x_wconf 69' lang='lat' dir='ltr'><strong>animalibus</strong></span> <span class='ocrx_word' id='word_1_145' title='bbox 1712 1190 1846 1235; x_wconf 87' lang='lat' dir='ltr'><strong>mole.</strong></span> <span class='ocrx_word' id='word_1_146' title='bbox 1884 1190 1971 1236; x_wconf 89' lang='lat' dir='ltr'><strong>Pro</strong></span> <span class='ocrx_word' id='word_1_147' title='bbox 1987 1187 2113 1236; x_wconf 85' lang='lat' dir='ltr'><strong>fibris</strong></span> <span class='ocrx_word' id='word_1_148' title='bbox 2131 1187 2381 1252; x_wconf 85' lang='lat' dir='ltr'><strong>sanguinis.</strong></span> 
     </span>
    </p>
   </div>
   <div class='ocr_carea' id='block_1_9' title="bbox 453 1269 2226 1342">
    <p class='ocr_par' dir='ltr' id='par_1_9' title="bbox 453 1269 2226 1342">
     <span class='ocr_line' id='line_1_17' title="bbox 453 1269 2226 1342; baseline -0.005 -15"><span class='ocrx_word' id='word_1_149' title='bbox 453 1281 530 1342; x_wconf 84' lang='lat' dir='ltr'><strong>EJ.</strong></span> <span class='ocrx_word' id='word_1_150' title='bbox 567 1280 637 1326; x_wconf 92' lang='lat' dir='ltr'><strong>De</strong></span> <span class='ocrx_word' id='word_1_151' title='bbox 662 1277 737 1324; x_wconf 82' lang='lat' dir='ltr'><strong>via</strong></span> <span class='ocrx_word' id='word_1_152' title='bbox 757 1276 854 1337; x_wconf 78' lang='lat' dir='ltr'><strong>ers</strong></span> <span class='ocrx_word' id='word_1_153' title='bbox 878 1273 1012 1322; x_wconf 87' lang='lat' dir='ltr'><strong>ferri:</strong></span> <span class='ocrx_word' id='word_1_154' title='bbox 1045 1274 1101 1322; x_wconf 85' lang='lat' dir='ltr'><strong>ad</strong></span> <span class='ocrx_word' id='word_1_155' title='bbox 1119 1272 1389 1335; x_wconf 68' lang='lat' dir='ltr'><strong>sanguinem</strong></span> <span class='ocrx_word' id='word_1_156' title='bbox 1415 1287 1494 1333; x_wconf 86' lang='lat' dir='ltr'><strong>per</strong></span> <span class='ocrx_word' id='word_1_157' title='bbox 1514 1269 1629 1318; x_wconf 82' lang='lat' dir='ltr'><strong>solas</strong></span> <span class='ocrx_word' id='word_1_158' title='bbox 1650 1287 1788 1318; x_wconf 83' lang='lat' dir='ltr'><strong>venas</strong></span> <span class='ocrx_word' id='word_1_159' title='bbox 1812 1270 1971 1317; x_wconf 84' lang='lat' dir='ltr'><strong>rubras</strong></span> <span class='ocrx_word' id='word_1_160' title='bbox 1997 1272 2226 1318; x_wconf 81' lang='lat' dir='ltr'><strong>advenire.</strong></span> 
     </span>
    </p>
   </div>
   <div class='ocr_carea' id='block_1_10' title="bbox 320 1353 2381 1491">
    <p class='ocr_par' dir='ltr' id='par_1_10' title="bbox 320 1353 2381 1491">
     <span class='ocr_line' id='line_1_18' title="bbox 448 1353 2381 1419; baseline -0.005 -9"><span class='ocrx_word' id='word_1_161' title='bbox 448 1361 638 1419; x_wconf 76' lang='lat' dir='ltr'><em>Jacobus</em></span> <span class='ocrx_word' id='word_1_162' title='bbox 673 1356 997 1407; x_wconf 68' lang='lat' dir='ltr'><strong>Bartholomaeus</strong></span> <span class='ocrx_word' id='word_1_163' title='bbox 1021 1358 1307 1406; x_wconf 75' lang='lat' dir='ltr'><strong>BECCARiUs</strong></span> <span class='ocrx_word' id='word_1_164' title='bbox 1338 1354 1393 1402; x_wconf 90' lang='lat' dir='ltr'><strong>de</strong></span> <span class='ocrx_word' id='word_1_165' title='bbox 1427 1353 1697 1402; x_wconf 80' lang='lat' dir='ltr'><strong>abstinentia</strong></span> <span class='ocrx_word' id='word_1_166' title='bbox 1722 1353 1942 1401; x_wconf 84' lang='lat' dir='ltr'><strong>diuturna</strong></span> <span class='ocrx_word' id='word_1_167' title='bbox 1977 1370 2003 1401; x_wconf 84' lang='lat' dir='ltr'>a</span> <span class='ocrx_word' id='word_1_168' title='bbox 2032 1353 2135 1402; x_wconf 91' lang='lat' dir='ltr'><strong>cibo</strong></span> <span class='ocrx_word' id='word_1_169' title='bbox 2165 1356 2207 1402; x_wconf 87' lang='lat'>&amp;</span> <span class='ocrx_word' id='word_1_170' title='bbox 2234 1366 2381 1417; x_wconf 88' lang='lat' dir='ltr'><strong>potu:</strong></span> 
     </span>
     <span class='ocr_line' id='line_1_19' title="bbox 320 1422 1343 1491; baseline -0.013 -11"><span class='ocrx_word' id='word_1_171' title='bbox 320 1441 377 1480; x_wconf 86' lang='lat' dir='ltr'><strong>ut</strong></span> <span class='ocrx_word' id='word_1_172' title='bbox 395 1426 531 1491; x_wconf 87' lang='lat' dir='ltr'><strong>poffit</strong></span> <span class='ocrx_word' id='word_1_173' title='bbox 556 1425 804 1486; x_wconf 81' lang='lat' dir='ltr'><strong>exlegibus</strong></span> <span class='ocrx_word' id='word_1_174' title='bbox 829 1435 1004 1469; x_wconf 86' lang='lat' dir='ltr'><strong>naturae</strong></span> <span class='ocrx_word' id='word_1_175' title='bbox 1031 1423 1225 1482; x_wconf 83' lang='lat' dir='ltr'><strong>exponi,</strong></span> <span class='ocrx_word' id='word_1_176' title='bbox 1263 1422 1343 1467; x_wconf 61' lang='grc' dir='ltr'><strong>δίο.</strong></span> 
     </span>
    </p>
   </div>
   <div class='ocr_carea' id='block_1_11' title="bbox 451 1502 1562 1563">
    <p class='ocr_par' dir='ltr' id='par_1_11' title="bbox 451 1502 1562 1563">
     <span class='ocr_line' id='line_1_20' title="bbox 451 1502 1562 1563; baseline -0.007 -6"><span class='ocrx_word' id='word_1_177' title='bbox 451 1511 588 1557; x_wconf 82' lang='lat' dir='ltr'>IDEM</span> <span class='ocrx_word' id='word_1_178' title='bbox 613 1510 654 1554; x_wconf 64' lang='grc' dir='ltr'><strong>ὃς</strong></span> <span class='ocrx_word' id='word_1_179' title='bbox 681 1506 758 1553; x_wconf 82' lang='lat' dir='ltr'><strong>alii</strong></span> <span class='ocrx_word' id='word_1_180' title='bbox 779 1504 1037 1553; x_wconf 81' lang='lat' dir='ltr'><strong>Academici</strong></span> <span class='ocrx_word' id='word_1_181' title='bbox 1063 1504 1117 1550; x_wconf 89' lang='lat' dir='ltr'><strong>de</strong></span> <span class='ocrx_word' id='word_1_182' title='bbox 1137 1504 1237 1550; x_wconf 90' lang='lat' dir='ltr'><strong>luce</strong></span> <span class='ocrx_word' id='word_1_183' title='bbox 1263 1502 1562 1563; x_wconf 63' lang='lat' dir='ltr'><strong>dactylorum.</strong></span> 
     </span>
    </p>
   </div>
   <div class='ocr_carea' id='block_1_12' title="bbox 322 1580 2388 1714">
    <p class='ocr_par' dir='ltr' id='par_1_12' title="bbox 322 1580 2388 1714">
     <span class='ocr_line' id='line_1_21' title="bbox 452 1580 2388 1647; baseline -0.005 -7"><span class='ocrx_word' id='word_1_184' title='bbox 452 1594 590 1641; x_wconf 80' lang='lat' dir='ltr'><strong>IDEM</strong></span> <span class='ocrx_word' id='word_1_185' title='bbox 616 1591 667 1637; x_wconf 90' lang='lat' dir='ltr'><strong>in</strong></span> <span class='ocrx_word' id='word_1_186' title='bbox 687 1590 744 1636; x_wconf 90' lang='lat' dir='ltr'><strong>T.</strong></span> <span class='ocrx_word' id='word_1_187' title='bbox 758 1588 818 1634; x_wconf 86' lang='lat' dir='ltr'><strong>V.</strong></span> <span class='ocrx_word' id='word_1_188' title='bbox 846 1588 892 1635; x_wconf 88' lang='lat' dir='ltr'><strong>P.</strong></span> <span class='ocrx_word' id='word_1_189' title='bbox 914 1588 948 1635; x_wconf 93' lang='grc' dir='ltr'><strong>Ι.</strong></span> <span class='ocrx_word' id='word_1_190' title='bbox 986 1587 1040 1634; x_wconf 86' lang='lat' dir='ltr'><strong>de</strong></span> <span class='ocrx_word' id='word_1_191' title='bbox 1053 1589 1163 1634; x_wconf 68' lang='lat' dir='ltr'><strong>lacte</strong></span> <span class='ocrx_word' id='word_1_192' title='bbox 1179 1586 1368 1647; x_wconf 84' lang='lat' dir='ltr'><strong>ejusque</strong></span> <span class='ocrx_word' id='word_1_193' title='bbox 1392 1581 1575 1644; x_wconf 81' lang='lat' dir='ltr'><strong>a11a1yss‚</strong></span> <span class='ocrx_word' id='word_1_194' title='bbox 1613 1582 1667 1630; x_wconf 91' lang='lat' dir='ltr'><strong>de</strong></span> <span class='ocrx_word' id='word_1_195' title='bbox 1685 1581 1896 1631; x_wconf 81' lang='lat' dir='ltr'><strong>saccharo</strong></span> <span class='ocrx_word' id='word_1_196' title='bbox 1920 1583 2061 1639; x_wconf 60' lang='lat' dir='ltr'><strong>laetis,</strong></span> <span class='ocrx_word' id='word_1_197' title='bbox 2092 1581 2207 1638; x_wconf 86' lang='lat' dir='ltr'><strong>sero,</strong></span> <span class='ocrx_word' id='word_1_198' title='bbox 2244 1580 2388 1632; x_wconf 77' lang='lat' dir='ltr'><strong>caseo,</strong></span> 
     </span>
     <span class='ocr_line' id='line_1_22' title="bbox 322 1647 2333 1714; baseline -0.005 -8"><span class='ocrx_word' id='word_1_199' title='bbox 322 1660 394 1707; x_wconf 80' lang='lat' dir='ltr'><strong>Ex</strong></span> <span class='ocrx_word' id='word_1_200' title='bbox 415 1656 624 1706; x_wconf 76' lang='lat' dir='ltr'><strong>saccharo</strong></span> <span class='ocrx_word' id='word_1_201' title='bbox 656 1655 701 1701; x_wconf 66' lang='grc' dir='ltr'>ἃ</span> <span class='ocrx_word' id='word_1_202' title='bbox 722 1669 900 1700; x_wconf 83' lang='lat' dir='ltr'><strong>acorem</strong></span> <span class='ocrx_word' id='word_1_203' title='bbox 922 1653 1026 1714; x_wconf 86' lang='lat' dir='ltr'><strong>igne</strong></span> <span class='ocrx_word' id='word_1_204' title='bbox 1051 1651 1253 1712; x_wconf 82' lang='lat' dir='ltr'><strong>expulit,</strong></span> <span class='ocrx_word' id='word_1_205' title='bbox 1290 1652 1333 1697; x_wconf 84' lang='lat'>&amp;</span> <span class='ocrx_word' id='word_1_206' title='bbox 1355 1647 1489 1695; x_wconf 81' lang='lat' dir='ltr'><strong>salem</strong></span> <span class='ocrx_word' id='word_1_207' title='bbox 1509 1649 1744 1695; x_wconf 88' lang='lat' dir='ltr'><strong>volatilem</strong></span> <span class='ocrx_word' id='word_1_208' title='bbox 1770 1647 2015 1698; x_wconf 83' lang='lat' dir='ltr'><strong>ramosum.</strong></span> <span class='ocrx_word' id='word_1_209' title='bbox 2320 1648 2333 1654; x_wconf 47' lang='lat'>²</span> 
     </span>
    </p>
   </div>
   <div class='ocr_carea' id='block_1_13' title="bbox 327 1726 2389 1867">
    <p class='ocr_par' dir='ltr' id='par_1_13' title="bbox 327 1726 2389 1867">
     <span class='ocr_line' id='line_1_23' title="bbox 452 1726 2389 1796; baseline -0.005 -10"><span class='ocrx_word' id='word_1_210' title='bbox 452 1741 509 1787; x_wconf 86' lang='lat' dir='ltr'><strong>In</strong></span> <span class='ocrx_word' id='word_1_211' title='bbox 535 1739 582 1786; x_wconf 93' lang='lat' dir='ltr'><strong>P.</strong></span> <span class='ocrx_word' id='word_1_212' title='bbox 597 1737 678 1784; x_wconf 89' lang='lat'>111.</span> <span class='ocrx_word' id='word_1_213' title='bbox 700 1771 711 1790; x_wconf 85' lang='grc'>,</span> <span class='ocrx_word' id='word_1_214' title='bbox 745 1752 845 1796; x_wconf 80' lang='lat' dir='ltr'><strong>quae</strong></span> <span class='ocrx_word' id='word_1_215' title='bbox 869 1751 906 1781; x_wconf 84' lang='lat' dir='ltr'><strong>a.</strong></span> <span class='ocrx_word' id='word_1_216' title='bbox 929 1747 1064 1793; x_wconf 86' lang='lat'>1747.</span> <span class='ocrx_word' id='word_1_217' title='bbox 1084 1746 1129 1792; x_wconf 88' lang='lat'><strong>4.</strong></span> <span class='ocrx_word' id='word_1_218' title='bbox 1147 1732 1330 1793; x_wconf 84' lang='lat' dir='ltr'><strong>prodiit,</strong></span> <span class='ocrx_word' id='word_1_219' title='bbox 1354 1736 1401 1786; x_wconf 89' lang='lat' dir='ltr'><strong>J.</strong></span> <span class='ocrx_word' id='word_1_220' title='bbox 1424 1733 1643 1777; x_wconf 85' lang='lat' dir='ltr'><strong>Antonius</strong></span> <span class='ocrx_word' id='word_1_221' title='bbox 1666 1731 1867 1778; x_wconf 80' lang='lat' dir='ltr'><strong>GALLus</strong></span> <span class='ocrx_word' id='word_1_222' title='bbox 1896 1729 2039 1778; x_wconf 84' lang='lat' dir='ltr'><strong>fetum</strong></span> <span class='ocrx_word' id='word_1_223' title='bbox 2062 1741 2295 1778; x_wconf 85' lang='lat' dir='ltr'><strong>maturum</strong></span> <span class='ocrx_word' id='word_1_224' title='bbox 2315 1726 2389 1777; x_wconf 83' lang='lat' dir='ltr'><strong>de-</strong></span> 
     </span>
     <span class='ocr_line' id='line_1_24' title="bbox 327 1795 1929 1867; baseline -0.006 -15"><span class='ocrx_word' id='word_1_225' title='bbox 327 1803 495 1867; x_wconf 64' lang='lat' dir='ltr'><strong>scripsit</strong></span> <span class='ocrx_word' id='word_1_226' title='bbox 512 1839 524 1857; x_wconf 87' lang='lat'>,</span> <span class='ocrx_word' id='word_1_227' title='bbox 558 1818 693 1863; x_wconf 88' lang='lat' dir='ltr'><strong>quem</strong></span> <span class='ocrx_word' id='word_1_228' title='bbox 717 1799 919 1860; x_wconf 81' lang='lat' dir='ltr'><strong>chirurgi</strong></span> <span class='ocrx_word' id='word_1_229' title='bbox 947 1814 1110 1845; x_wconf 79' lang='lat' dir='ltr'><strong>manus</strong></span> <span class='ocrx_word' id='word_1_230' title='bbox 1139 1813 1218 1857; x_wconf 85' lang='lat' dir='ltr'><strong>per</strong></span> <span class='ocrx_word' id='word_1_231' title='bbox 1237 1797 1435 1846; x_wconf 81' lang='lat' dir='ltr'><strong>incisum</strong></span> <span class='ocrx_word' id='word_1_232' title='bbox 1459 1795 1684 1841; x_wconf 80' lang='lat' dir='ltr'><strong>abdomen</strong></span> <span class='ocrx_word' id='word_1_233' title='bbox 1716 1795 1929 1842; x_wconf 79' lang='lat' dir='ltr'><strong>extraxit.</strong></span> 
     </span>
    </p>
   </div>
   <div class='ocr_carea' id='block_1_14' title="bbox 456 1871 1894 1938">
    <p class='ocr_par' dir='ltr' id='par_1_14' title="bbox 456 1871 1894 1938">
     <span class='ocr_line' id='line_1_25' title="bbox 456 1871 1894 1938; baseline -0.008 -5"><span class='ocrx_word' id='word_1_234' title='bbox 456 1885 580 1934; x_wconf 83' lang='lat' dir='ltr'><em>Paul.</em></span> <span class='ocrx_word' id='word_1_235' title='bbox 613 1881 751 1931; x_wconf 77' lang='lat' dir='ltr'><em>Balth.</em></span> <span class='ocrx_word' id='word_1_236' title='bbox 773 1879 923 1931; x_wconf 72' lang='lat' dir='ltr'>BALBI</span> <span class='ocrx_word' id='word_1_237' title='bbox 951 1882 1003 1927; x_wconf 88' lang='lat' dir='ltr'><strong>de</strong></span> <span class='ocrx_word' id='word_1_238' title='bbox 1033 1880 1303 1926; x_wconf 72' lang='lat' dir='ltr'><strong>cicatriculae</strong></span> <span class='ocrx_word' id='word_1_239' title='bbox 1331 1871 1383 1924; x_wconf 61' lang='lat' dir='ltr'><strong>l&#39;n</strong></span> <span class='ocrx_word' id='word_1_240' title='bbox 1412 1893 1527 1938; x_wconf 75' lang='lat' dir='ltr'><strong>aqua</strong></span> <span class='ocrx_word' id='word_1_241' title='bbox 1549 1875 1722 1923; x_wconf 77' lang='lat' dir='ltr'><strong>fervida</strong></span> <span class='ocrx_word' id='word_1_242' title='bbox 1749 1889 1894 1923; x_wconf 91' lang='lat' dir='ltr'><strong>motu.</strong></span> 
     </span>
    </p>
   </div>
   <div class='ocr_carea' id='block_1_15' title="bbox 329 1957 2389 2092">
    <p class='ocr_par' dir='ltr' id='par_1_15' title="bbox 329 1957 2389 2092">
     <span class='ocr_line' id='line_1_26' title="bbox 454 1957 2389 2027; baseline -0.005 -12"><span class='ocrx_word' id='word_1_243' title='bbox 454 1963 787 2027; x_wconf 49' lang='lat' dir='ltr'><strong>11‘1K.Swenslz.</strong></span> <span class='ocrx_word' id='word_1_244' title='bbox 822 1961 1036 2023; x_wconf 75' lang='lat' dir='ltr'><strong>Wetenslc.</strong></span> <span class='ocrx_word' id='word_1_245' title='bbox 1060 1960 1302 2023; x_wconf 79' lang='lat' dir='ltr'><strong>Handling.</strong></span> <span class='ocrx_word' id='word_1_246' title='bbox 1331 1972 1467 2020; x_wconf 87' lang='lat'>1745.</span> <span class='ocrx_word' id='word_1_247' title='bbox 1516 1959 1687 2007; x_wconf 78' lang='lat' dir='ltr'><strong>Samuel</strong></span> <span class='ocrx_word' id='word_1_248' title='bbox 1710 1960 1914 2007; x_wconf 78' lang='lat' dir='ltr'>SANDEL</span> <span class='ocrx_word' id='word_1_249' title='bbox 1949 1957 2004 2005; x_wconf 88' lang='lat' dir='ltr'><strong>de</strong></span> <span class='ocrx_word' id='word_1_250' title='bbox 2029 1958 2275 2020; x_wconf 79' lang='lat' dir='ltr'><strong>perexigua</strong></span> <span class='ocrx_word' id='word_1_251' title='bbox 2307 1957 2389 2005; x_wconf 84' lang='lat' dir='ltr'><strong>sta-</strong></span> 
     </span>
     <span class='ocr_line' id='line_1_27' title="bbox 329 2034 940 2092; baseline -0.011 -11"><span class='ocrx_word' id='word_1_252' title='bbox 329 2047 431 2082; x_wconf 76' lang='lat' dir='ltr'><strong>tura</strong></span> <span class='ocrx_word' id='word_1_253' title='bbox 452 2034 650 2079; x_wconf 86' lang='lat' dir='ltr'><strong>duorum</strong></span> <span class='ocrx_word' id='word_1_254' title='bbox 679 2045 940 2092; x_wconf 82' lang='lat' dir='ltr'><strong>puerorum.</strong></span> 
     </span>
    </p>
   </div>
   <div class='ocr_carea' id='block_1_16' title="bbox 327 2101 2402 2633">
    <p class='ocr_par' dir='ltr' id='par_1_16' title="bbox 327 2101 2391 2302">
     <span class='ocr_line' id='line_1_28' title="bbox 456 2101 2391 2168; baseline -0.006 -6"><span class='ocrx_word' id='word_1_255' title='bbox 456 2116 512 2162; x_wconf 88' lang='lat' dir='ltr'><strong>In</strong></span> <span class='ocrx_word' id='word_1_256' title='bbox 549 2119 700 2162; x_wconf 81' lang='lat' dir='ltr'><strong>Comm.</strong></span> <span class='ocrx_word' id='word_1_257' title='bbox 735 2116 823 2158; x_wconf 84' lang='lat' dir='ltr'><strong>Lit.</strong></span> <span class='ocrx_word' id='word_1_258' title='bbox 850 2115 964 2158; x_wconf 87' lang='lat' dir='ltr'><strong>Nor.</strong></span> <span class='ocrx_word' id='word_1_259' title='bbox 995 2120 1130 2167; x_wconf 79' lang='lat'>1745.</span> <span class='ocrx_word' id='word_1_260' title='bbox 1170 2105 1289 2154; x_wconf 78' lang='lat' dir='ltr'><strong>hebd.</strong></span> <span class='ocrx_word' id='word_1_261' title='bbox 1316 2118 1388 2165; x_wconf 85' lang='lat'><strong>52.</strong></span> <span class='ocrx_word' id='word_1_262' title='bbox 1435 2103 1656 2168; x_wconf 70' lang='lat' dir='ltr'><strong>Philippus</strong></span> <span class='ocrx_word' id='word_1_263' title='bbox 1693 2104 1936 2152; x_wconf 78' lang='lat' dir='ltr'><strong>Fridericus</strong></span> <span class='ocrx_word' id='word_1_264' title='bbox 1964 2104 2202 2157; x_wconf 81' lang='lat' dir='ltr'>GMEL1N‚</span> <span class='ocrx_word' id='word_1_265' title='bbox 2252 2101 2391 2151; x_wconf 85' lang='lat' dir='ltr'><strong>frater</strong></span> 
     </span>
     <span class='ocr_line' id='line_1_29' title="bbox 327 2167 2388 2240; baseline -0.006 -12"><span class='ocrx_word' id='word_1_266' title='bbox 327 2185 374 2237; x_wconf 83' lang='lat' dir='ltr'><strong>J.</strong></span> <span class='ocrx_word' id='word_1_267' title='bbox 405 2183 575 2240; x_wconf 76' lang='lat' dir='ltr'><strong>Georgii</strong></span> <span class='ocrx_word' id='word_1_268' title='bbox 593 2208 604 2224; x_wconf 72' lang='lat'>,</span> <span class='ocrx_word' id='word_1_269' title='bbox 638 2175 799 2236; x_wconf 79' lang='lat' dir='ltr'><strong>&amp;ipse</strong></span> <span class='ocrx_word' id='word_1_270' title='bbox 830 2174 979 2235; x_wconf 84' lang='lat' dir='ltr'><strong>postea</strong></span> <span class='ocrx_word' id='word_1_271' title='bbox 1000 2170 1219 2219; x_wconf 81' lang='lat' dir='ltr'><strong>Profeffor</strong></span> <span class='ocrx_word' id='word_1_272' title='bbox 1237 2168 1557 2232; x_wconf 82' lang='lat' dir='ltr'><strong>Tubingensis,</strong></span> <span class='ocrx_word' id='word_1_273' title='bbox 1595 2169 1719 2217; x_wconf 86' lang='lat' dir='ltr'><strong>dedit</strong></span> <span class='ocrx_word' id='word_1_274' title='bbox 1739 2167 1940 2229; x_wconf 82' lang='lat' dir='ltr'><strong>analysin</strong></span> <span class='ocrx_word' id='word_1_275' title='bbox 1961 2184 2090 2229; x_wconf 78' lang='lat' dir='ltr'><strong>aquae</strong></span> <span class='ocrx_word' id='word_1_276' title='bbox 2109 2167 2388 2230; x_wconf 70' lang='lat' dir='ltr'><strong>hydropicae,</strong></span> 
     </span>
     <span class='ocr_line' id='line_1_30' title="bbox 335 2239 1006 2302; baseline -0.013 -10"><span class='ocrx_word' id='word_1_277' title='bbox 335 2261 449 2292; x_wconf 62' lang='lat' dir='ltr'><strong>verae</strong></span> <span class='ocrx_word' id='word_1_278' title='bbox 477 2240 672 2302; x_wconf 63' lang='lat' dir='ltr'><strong>lymphae</strong></span> <span class='ocrx_word' id='word_1_279' title='bbox 700 2239 1006 2300; x_wconf 81' lang='lat' dir='ltr'><strong>coagulabilis.</strong></span> 
     </span>
    </p>

    <p class='ocr_par' dir='ltr' id='par_1_17' title="bbox 340 2314 2043 2468">
     <span class='ocr_line' id='line_1_31' title="bbox 463 2314 1859 2373; baseline -0.008 -1"><span class='ocrx_word' id='word_1_280' title='bbox 463 2326 597 2373; x_wconf 73' lang='lat' dir='ltr'><strong>IDEM</strong></span> <span class='ocrx_word' id='word_1_281' title='bbox 623 2323 674 2368; x_wconf 83' lang='lat' dir='ltr'><strong>de</strong></span> <span class='ocrx_word' id='word_1_282' title='bbox 697 2321 814 2367; x_wconf 80' lang='lat' dir='ltr'><strong>rabie</strong></span> <span class='ocrx_word' id='word_1_283' title='bbox 840 2324 1007 2368; x_wconf 80' lang='lat' dir='ltr'><strong>canina.</strong></span> <span class='ocrx_word' id='word_1_284' title='bbox 1074 2315 1300 2365; x_wconf 87' lang='lat' dir='ltr'><strong>Describit</strong></span> <span class='ocrx_word' id='word_1_285' title='bbox 1329 2317 1496 2364; x_wconf 83' lang='lat' dir='ltr'><strong>animal</strong></span> <span class='ocrx_word' id='word_1_286' title='bbox 1522 2314 1859 2363; x_wconf 84' lang='lat' dir='ltr'><strong>moschiferum.</strong></span> 
     </span>
     <span class='ocr_line' id='line_1_32' title="bbox 340 2393 2043 2468; baseline -0.008 -13"><span class='ocrx_word' id='word_1_287' title='bbox 340 2432 344 2434; x_wconf 44' lang='lat'><em>*</em></span> <span class='ocrx_word' id='word_1_288' title='bbox 395 2441 397 2443; x_wconf 84' lang='lat'>·</span> <span class='ocrx_word' id='word_1_289' title='bbox 456 2407 536 2468; x_wconf 82' lang='lat' dir='ltr'><strong>EJ.</strong></span> <span class='ocrx_word' id='word_1_290' title='bbox 567 2410 637 2453; x_wconf 88' lang='lat' dir='ltr'><strong>De</strong></span> <span class='ocrx_word' id='word_1_291' title='bbox 657 2405 736 2449; x_wconf 72' lang='lat' dir='ltr'><strong>viis</strong></span> <span class='ocrx_word' id='word_1_292' title='bbox 761 2407 893 2449; x_wconf 76' lang='lat' dir='ltr'><strong>urinae</strong></span> <span class='ocrx_word' id='word_1_293' title='bbox 914 2401 1144 2449; x_wconf 70' lang='lat' dir='ltr'><strong>ordinariis</strong></span> <span class='ocrx_word' id='word_1_294' title='bbox 1172 2398 1231 2456; x_wconf 57' lang='grc' dir='ltr'><strong>ἓξ</strong></span> <span class='ocrx_word' id='word_1_295' title='bbox 1253 2398 1615 2446; x_wconf 67' lang='lat' dir='ltr'><strong>extraordinariis</strong></span> <span class='ocrx_word' id='word_1_296' title='bbox 1647 2399 1770 2447; x_wconf 89' lang='lat' dir='ltr'><strong>Tub.</strong></span> <span class='ocrx_word' id='word_1_297' title='bbox 1796 2409 1931 2457; x_wconf 86' lang='lat'>1753.</span> <span class='ocrx_word' id='word_1_298' title='bbox 1960 2393 2043 2456; x_wconf 76' lang='lat'><strong>4*</strong></span> 
     </span>
    </p>

    <p class='ocr_par' dir='ltr' id='par_1_18' title="bbox 456 2473 2402 2549">
     <span class='ocr_line' id='line_1_33' title="bbox 456 2473 2402 2549; baseline -0.006 -14"><span class='ocrx_word' id='word_1_299' title='bbox 456 2490 532 2549; x_wconf 84' lang='lat' dir='ltr'><strong>EJ.</strong></span> <span class='ocrx_word' id='word_1_300' title='bbox 571 2491 638 2535; x_wconf 86' lang='lat' dir='ltr'><strong>De</strong></span> <span class='ocrx_word' id='word_1_301' title='bbox 666 2484 999 2546; x_wconf 68' lang='lat' dir='ltr'><strong>transpiratione</strong></span> <span class='ocrx_word' id='word_1_302' title='bbox 1026 2495 1208 2529; x_wconf 66' lang='lat' dir='ltr'><strong>czttanea</strong></span> <span class='ocrx_word' id='word_1_303' title='bbox 1236 2479 1409 2529; x_wconf 58' lang='lat' dir='ltr'><strong>homimis</strong></span> <span class='ocrx_word' id='word_1_304' title='bbox 1422 2482 1626 2542; x_wconf 64' lang='lat' dir='ltr'><strong>sanitatis</strong></span> <span class='ocrx_word' id='word_1_305' title='bbox 1637 2480 1833 2544; x_wconf 68' lang='lat' dir='ltr'><strong>praefidio</strong></span> <span class='ocrx_word' id='word_1_306' title='bbox 1866 2479 2068 2542; x_wconf 85' lang='lat' dir='ltr'><strong>Tubing.</strong></span> <span class='ocrx_word' id='word_1_307' title='bbox 2089 2484 2226 2538; x_wconf 88' lang='lat'>1760.</span> <span class='ocrx_word' id='word_1_308' title='bbox 2246 2473 2330 2538; x_wconf 71' lang='lat'><strong>4*</strong></span> <span class='ocrx_word' id='word_1_309' title='bbox 2382 2476 2402 2477; x_wconf 27' lang='lat'><em>7</em></span> 
     </span>
    </p>

    <p class='ocr_par' dir='ltr' id='par_1_19' title="bbox 460 2554 2359 2633">
     <span class='ocr_line' id='line_1_34' title="bbox 460 2554 2359 2633; baseline -0.007 -15"><span class='ocrx_word' id='word_1_310' title='bbox 460 2572 537 2633; x_wconf 85' lang='lat' dir='ltr'><strong>EJ.</strong></span> <span class='ocrx_word' id='word_1_311' title='bbox 574 2574 642 2617; x_wconf 85' lang='lat' dir='ltr'><strong>De</strong></span> <span class='ocrx_word' id='word_1_312' title='bbox 658 2567 756 2627; x_wconf 85' lang='lat' dir='ltr'><strong>sero</strong></span> <span class='ocrx_word' id='word_1_313' title='bbox 785 2567 898 2611; x_wconf 66' lang='lat' dir='ltr'><strong>laffis</strong></span> <span class='ocrx_word' id='word_1_314' title='bbox 923 2565 1037 2612; x_wconf 79' lang='lat' dir='ltr'><strong>dulci</strong></span> <span class='ocrx_word' id='word_1_315' title='bbox 1059 2566 1455 2612; x_wconf 81' lang='lat' dir='ltr'>HOFMANNIANO</span> <span class='ocrx_word' id='word_1_316' title='bbox 1491 2563 1613 2611; x_wconf 87' lang='lat' dir='ltr'><strong>Tub.</strong></span> <span class='ocrx_word' id='word_1_317' title='bbox 1638 2569 1777 2621; x_wconf 74' lang='lat'>1765.</span> <span class='ocrx_word' id='word_1_318' title='bbox 1796 2563 1875 2621; x_wconf 59' lang='lat'><strong>43*</strong></span> <span class='ocrx_word' id='word_1_319' title='bbox 2354 2554 2359 2558; x_wconf 42' lang='lat'><strong>¹</strong></span> 
     </span>
    </p>
   </div>
   <div class='ocr_carea' id='block_1_17' title="bbox 331 2637 2394 2969">
    <p class='ocr_par' dir='ltr' id='par_1_20' title="bbox 331 2637 2394 2969">
     <span class='ocr_line' id='line_1_35' title="bbox 365 2637 2392 2707; baseline -0.007 -6"><span class='ocrx_word' id='word_1_320' title='bbox 365 2702 368 2707; x_wconf 79' lang='grc'><strong><em>,</em></strong></span> <span class='ocrx_word' id='word_1_321' title='bbox 464 2654 568 2700; x_wconf 87' lang='lat' dir='ltr'><strong>Hoc</strong></span> <span class='ocrx_word' id='word_1_322' title='bbox 593 2665 716 2700; x_wconf 81' lang='lat' dir='ltr'><strong>anno</strong></span> <span class='ocrx_word' id='word_1_323' title='bbox 740 2652 923 2695; x_wconf 60' lang='lat' dir='ltr'><strong>Societas</strong></span> <span class='ocrx_word' id='word_1_324' title='bbox 939 2650 1071 2707; x_wconf 75' lang='lat' dir='ltr'><strong>Regin</strong></span> <span class='ocrx_word' id='word_1_325' title='bbox 1096 2650 1378 2693; x_wconf 78' lang='lat' dir='ltr'><strong>Scientiarum</strong></span> <span class='ocrx_word' id='word_1_326' title='bbox 1396 2644 1683 2704; x_wconf 78' lang='lat' dir='ltr'><strong>Berolinenfis,</strong></span> <span class='ocrx_word' id='word_1_327' title='bbox 1713 2645 1847 2690; x_wconf 86' lang='lat' dir='ltr'><strong>novis</strong></span> <span class='ocrx_word' id='word_1_328' title='bbox 1874 2641 2048 2702; x_wconf 87' lang='lat' dir='ltr'><strong>legibus</strong></span> <span class='ocrx_word' id='word_1_329' title='bbox 2076 2641 2119 2686; x_wconf 87' lang='lat'>&amp;</span> <span class='ocrx_word' id='word_1_330' title='bbox 2143 2637 2392 2699; x_wconf 74' lang='lat' dir='ltr'><strong>privilegiis</strong></span> 
     </span>
     <span class='ocr_line' id='line_1_36' title="bbox 334 2703 2394 2771; baseline -0.009 -5"><span class='ocrx_word' id='word_1_331' title='bbox 334 2731 519 2771; x_wconf 75' lang='lat' dir='ltr'><strong>ornata,</strong></span> <span class='ocrx_word' id='word_1_332' title='bbox 557 2714 808 2765; x_wconf 81' lang='lat' dir='ltr'><strong>Academiae</strong></span> <span class='ocrx_word' id='word_1_333' title='bbox 833 2726 999 2757; x_wconf 86' lang='lat' dir='ltr'><strong>nomen</strong></span> <span class='ocrx_word' id='word_1_334' title='bbox 1023 2710 1284 2768; x_wconf 79' lang='lat' dir='ltr'><strong>adoptavit,</strong></span> <span class='ocrx_word' id='word_1_335' title='bbox 1321 2727 1548 2770; x_wconf 81' lang='lat' dir='ltr'><strong>porroque</strong></span> <span class='ocrx_word' id='word_1_336' title='bbox 1576 2707 1682 2755; x_wconf 87' lang='lat' dir='ltr'><strong>suos</strong></span> <span class='ocrx_word' id='word_1_337' title='bbox 1717 2705 2067 2755; x_wconf 85' lang='lat' dir='ltr'><strong>commentarios</strong></span> <span class='ocrx_word' id='word_1_338' title='bbox 2099 2703 2274 2749; x_wconf 84' lang='lat' dir='ltr'><strong>Gallica</strong></span> <span class='ocrx_word' id='word_1_339' title='bbox 2307 2704 2394 2749; x_wconf 85' lang='lat' dir='ltr'><strong>lin-</strong></span> 
     </span>
     <span class='ocr_line' id='line_1_37' title="bbox 331 2767 2391 2843; baseline -0.007 -14"><span class='ocrx_word' id='word_1_340' title='bbox 331 2799 420 2843; x_wconf 67' lang='lat' dir='ltr'><strong>gua</strong></span> <span class='ocrx_word' id='word_1_341' title='bbox 450 2782 568 2841; x_wconf 85' lang='lat' dir='ltr'><strong>cepit</strong></span> <span class='ocrx_word' id='word_1_342' title='bbox 591 2780 733 2826; x_wconf 86' lang='lat' dir='ltr'><strong>edere.</strong></span> <span class='ocrx_word' id='word_1_343' title='bbox 802 2779 858 2825; x_wconf 89' lang='lat' dir='ltr'><strong>In</strong></span> <span class='ocrx_word' id='word_1_344' title='bbox 881 2783 931 2821; x_wconf 74' lang='grc' dir='ltr'><strong>εῖι</strong></span> <span class='ocrx_word' id='word_1_345' title='bbox 955 2773 1220 2820; x_wconf 67' lang='lat' dir='ltr'><strong>collectione</strong></span> <span class='ocrx_word' id='word_1_346' title='bbox 1247 2775 1370 2819; x_wconf 81' lang='lat' dir='ltr'><strong>varia</strong></span> <span class='ocrx_word' id='word_1_347' title='bbox 1388 2772 1479 2821; x_wconf 91' lang='lat' dir='ltr'><strong>huc</strong></span> <span class='ocrx_word' id='word_1_348' title='bbox 1499 2774 1744 2833; x_wconf 78' lang='lat' dir='ltr'><strong>pertinent.</strong></span> <span class='ocrx_word' id='word_1_349' title='bbox 1833 2771 1937 2816; x_wconf 90' lang='lat' dir='ltr'><strong>Hoc</strong></span> <span class='ocrx_word' id='word_1_350' title='bbox 1964 2782 2086 2813; x_wconf 84' lang='lat' dir='ltr'><strong>anno</strong></span> <span class='ocrx_word' id='word_1_351' title='bbox 2117 2767 2186 2813; x_wconf 91' lang='lat' dir='ltr'><strong>Cl.</strong></span> <span class='ocrx_word' id='word_1_352' title='bbox 2209 2767 2391 2814; x_wconf 79' lang='lat' dir='ltr'>HEINII</span> 
     </span>
     <span class='ocr_line' id='line_1_38' title="bbox 333 2832 2388 2905; baseline -0.007 -13"><span class='ocrx_word' id='word_1_353' title='bbox 333 2845 424 2892; x_wconf 75' lang='lat' dir='ltr'><strong>diff.</strong></span> <span class='ocrx_word' id='word_1_354' title='bbox 450 2846 530 2904; x_wconf 76' lang='lat' dir='ltr'><strong>sur</strong></span> <span class='ocrx_word' id='word_1_355' title='bbox 564 2846 758 2905; x_wconf 77' lang='lat' dir='ltr'><strong>l&#39;origine</strong></span> <span class='ocrx_word' id='word_1_356' title='bbox 794 2842 866 2888; x_wconf 85' lang='lat' dir='ltr'><strong>des</strong></span> <span class='ocrx_word' id='word_1_357' title='bbox 897 2851 1006 2885; x_wconf 81' lang='lat' dir='ltr'><strong>etres</strong></span> <span class='ocrx_word' id='word_1_358' title='bbox 1028 2840 1185 2883; x_wconf 70' lang='lat' dir='ltr'><strong>animes</strong></span> <span class='ocrx_word' id='word_1_359' title='bbox 1201 2837 1386 2896; x_wconf 78' lang='lat' dir='ltr'><strong>suivant</strong></span> <span class='ocrx_word' id='word_1_360' title='bbox 1419 2838 1458 2884; x_wconf 84' lang='lat' dir='ltr'><strong>le</strong></span> <span class='ocrx_word' id='word_1_361' title='bbox 1476 2836 1648 2897; x_wconf 52' lang='lat' dir='ltr'><strong>syste&#39;me</strong></span> <span class='ocrx_word' id='word_1_362' title='bbox 1682 2836 2087 2882; x_wconf 84' lang='lat' dir='ltr'>D’H1PPOCRATE.</span> <span class='ocrx_word' id='word_1_363' title='bbox 2157 2832 2388 2878; x_wconf 78' lang='lat' dir='ltr'>GESNERI</span> 
     </span>
     <span class='ocr_line' id='line_1_39' title="bbox 331 2895 2393 2969; baseline -0.007 -13"><span class='ocrx_word' id='word_1_364' title='bbox 331 2911 529 2969; x_wconf 69' lang='lat' dir='ltr'><strong>cogitata</strong></span> <span class='ocrx_word' id='word_1_365' title='bbox 558 2924 693 2968; x_wconf 87' lang='lat' dir='ltr'><strong>porro</strong></span> <span class='ocrx_word' id='word_1_366' title='bbox 722 2905 929 2956; x_wconf 76' lang='lat' dir='ltr'><strong>ornavit,</strong></span> <span class='ocrx_word' id='word_1_367' title='bbox 969 2905 1010 2949; x_wconf 71' lang='grc' dir='ltr'>ἃ</span> <span class='ocrx_word' id='word_1_368' title='bbox 1041 2901 1096 2947; x_wconf 87' lang='lat' dir='ltr'><strong>ab</strong></span> <span class='ocrx_word' id='word_1_369' title='bbox 1118 2902 1427 2949; x_wconf 77' lang='lat' dir='ltr'>HERACLITO</span> <span class='ocrx_word' id='word_1_370' title='bbox 1467 2902 1639 2947; x_wconf 84' lang='lat' dir='ltr'><strong>animas</strong></span> <span class='ocrx_word' id='word_1_371' title='bbox 1664 2900 1764 2947; x_wconf 70' lang='lat' dir='ltr'><strong>illas</strong></span> <span class='ocrx_word' id='word_1_372' title='bbox 1793 2913 1872 2960; x_wconf 87' lang='lat' dir='ltr'><strong>per</strong></span> <span class='ocrx_word' id='word_1_373' title='bbox 1904 2903 2054 2944; x_wconf 78' lang='lat' dir='ltr'><strong>aerem</strong></span> <span class='ocrx_word' id='word_1_374' title='bbox 2082 2895 2393 2946; x_wconf 84' lang='lat' dir='ltr'><strong>obvolitantes</strong></span> 
     </span>
    </p>
   </div>
   <div class='ocr_carea' id='block_1_18' title="bbox 332 2969 2387 3136">
    <p class='ocr_par' dir='ltr' id='par_1_21' title="bbox 332 2969 2387 3136">
     <span class='ocr_line' id='line_1_40' title="bbox 332 2969 1178 3035; baseline -0.012 -15"><span class='ocrx_word' id='word_1_375' title='bbox 332 2974 538 3035; x_wconf 79' lang='lat' dir='ltr'><strong>repetiit,</strong></span> <span class='ocrx_word' id='word_1_376' title='bbox 578 2975 619 3019; x_wconf 60' lang='grc' dir='ltr'>ἃ</span> <span class='ocrx_word' id='word_1_377' title='bbox 643 2972 698 3018; x_wconf 83' lang='lat' dir='ltr'><strong>ab</strong></span> <span class='ocrx_word' id='word_1_378' title='bbox 718 2969 815 3032; x_wconf 84' lang='lat' dir='ltr'><strong>ipso</strong></span> <span class='ocrx_word' id='word_1_379' title='bbox 839 2970 1178 3017; x_wconf 74' lang='lat' dir='ltr'>PYTHAGORA.</span> 
     </span>
     <span class='ocr_line' id='line_1_41' title="bbox 465 3045 2387 3136; baseline -0.008 -34"><span class='ocrx_word' id='word_1_380' title='bbox 465 3053 802 3116; x_wconf 81' lang='lat' dir='ltr'><strong>Compendium</strong></span> <span class='ocrx_word' id='word_1_381' title='bbox 827 3050 969 3100; x_wconf 87' lang='lat' dir='ltr'><strong>edidit</strong></span> <span class='ocrx_word' id='word_1_382' title='bbox 989 3050 1125 3098; x_wconf 80' lang='lat' dir='ltr'>PAUL</span> <span class='ocrx_word' id='word_1_383' title='bbox 1156 3046 1374 3114; x_wconf 82' lang='lat' dir='ltr'><strong>Avignon</strong></span> <span class='ocrx_word' id='word_1_384' title='bbox 1400 3051 1534 3106; x_wconf 84' lang='lat'>1768.</span> <span class='ocrx_word' id='word_1_385' title='bbox 1557 3057 1603 3106; x_wconf 91' lang='lat'><strong>4.</strong></span> <span class='ocrx_word' id='word_1_386' title='bbox 1638 3045 1793 3095; x_wconf 77' lang='lat' dir='ltr'><strong>2.Vol.</strong></span> <span class='ocrx_word' id='word_1_387' title='bbox 2127 3071 2176 3136; x_wconf 59' lang='grc' dir='ltr'><strong><em>ς</em></strong></span> <span class='ocrx_word' id='word_1_388' title='bbox 2210 3072 2387 3124; x_wconf 53' lang='lat' dir='ltr'>MLX&#39;</span> 
     </span>
    </p>
   </div>
  </div>
 </body>
</html>
