2531 3394
277 125 369 173 190
687 114 822 170 113.
871 112 962 160 IX.
1028 72 1929 164 ANATOMESAEERFECTIQ

272 245 405 290 ‘meino
434 240 534 302 Jen.
565 250 700 299 1727.
731 237 814 299 4.*
842 248 845 249 ’
879 239 935 286 In
973 255 1022 284 ea
1052 237 1239 284 BAYLm
1268 235 1538 298 sequebatur
1559 236 1861 296 opinionem,
1899 237 2131 291 musculos
2163 255 2323 301 nempe

276 303 582 352 intereostales
609 305 815 350 internos
845 303 983 349 costas
1009 302 1285 360 deprimere,
1322 318 1426 347 cum
1456 317 1615 347 eorum
1646 298 1833 347 insertio
1865 304 2049 363 propior
2083 302 2136 351 fit
2165 315 2322 350 centro

278 380 458 422 motus,
489 378 622 428 atque
645 369 756 413 adeo
780 367 968 414 firmior.
1034 365 1161 411 Idem
1190 371 1335 411 aerem
1373 366 1639 425 pulmonem
1675 364 1796 410 inter
1823 367 1865 412 &
1899 369 2054 426 peetus
2089 367 2321 420 admittit,

281 433 362 492 qui
383 433 568 479 alternis
593 431 768 479 vicibus
799 430 1146 490 comprimatur,
1190 428 1300 474 dum
1324 430 1553 488 pulmonis
1576 445 1601 474 a
1627 441 1818 491 augetur
1835 462 1848 481 ,
1887 430 1928 475 &
1950 429 2169 490 expansus
2194 428 2325 477 vicis·
2381 423 2383 425 ¹

276 496 358 543 fim
383 498 647 558 pulmonem
678 507 860 555 urgeat,
899 493 1085 553 ejusque
1119 492 1305 553 adjuvet
1337 490 1674 538 subfidentiam.
1761 493 1971 540 Habebat
1992 505 2140 540 autem
2166 496 2324 554 pectus

276 575 360 620 pro
386 557 521 607 1111103
548 575 753 606 connexa
786 555 1018 609 machina,
1053 557 1184 616 cujus
1209 555 1338 601 costae
1369 572 1446 615 per
1479 555 1678 601 sternum
1708 573 1927 603 connexae
1956 573 2112 604 omnes
2151 564 2256 603 una'
2279 559 2323 604 &

278 625 562 671 elevarentur
597 625 639 669 &
671 622 1041 682 deprimerentur.
1123 619 1399 680 Sanguinem
1424 631 1639 666 caeterum
1673 622 1724 667 111
1755 622 1972 682 pulmone
2005 623 2047 677 ὃς
2074 619 2325 682 refrigerari

278 689 322 734 &
349 686 615 735 condensari
641 686 785 732 docet.

409 771 484 829 EJ.
532 772 600 814 De
623 766 908 826 venaesbfiione
944 766 1046 827 Jen.
1072 777 1205 824 1729.
1236 765 1314 824 4.*
1355 776 1490 823 1737.
1525 763 1605 823 43*
1672 765 2004 825 Experimentis
2037 766 2087 812 in
2112 765 2235 813 tubis
2258 767 2326 814 vi-

280 834 387 881 treis
413 832 540 879 saetis
562 832 743 878 invenit
760 864 772 884 ,
808 831 1001 894 angulos
1025 831 1174 876 varios
1198 845 1355 890 parum
1378 841 1551 875 mutare
1576 840 1844 875 truncorum
1873 829 2112 883 effluxum,
2143 831 2183 876 &
2202 845 2326 890 aper-

276 910 422 944 turam
458 896 679 942 canalium
708 895 757 940 in
789 895 966 940 vicinos
1000 910 1148 939 ramos
1182 909 1330 952 neque
1363 892 1691 938 derivationem
1713 926 1726 946 ‚
1783 909 1929 953 neque
1958 892 2259 940 revulsionem
2301 906 2357 940 a'

124 968 132 971 ⁷
199 977 203 981 ·
272 962 461 1007 remotis
482 957 591 1006 vafis
616 959 753 1004 ullius
777 958 999 1003 momenti
1027 955 1195 1010 facere,
1229 973 1376 1016 neque
1399 954 1664 1018 stmguinem
1686 958 1943 1004 accelerare.
2010 958 2228 1006 Valvulas
2251 975 2326 1008 ve-

271 1023 403 1072 nosas
418 1021 689 1085 preffionem
713 1020 945 1083 sanguinis
975 1037 1072 1066 11011
1098 1019 1328 1067 sustinere.

400 1107 540 1154 Nunc
577 1120 681 1151 cum
713 1103 899 1150 interim
930 1104 982 1149 in
1009 1103 1065 1149 T.
1100 1102 1161 1148 V.
1203 1103 1349 1162 operis
1386 1099 1784 1153 Bonnam-mm
1821 1105 2108 1163 praeceptoris
2147 1101 2326 1153 senten-

275 1172 386 1218 tiam
413 1168 538 1216 effem
567 1169 744 1220 tuitu33
777 1180 831 1213 ut
860 1183 1006 1227 neque
1035 1173 1183 1212 aerem
1210 1167 1260 1212 in
1284 1168 1475 1226 pectoris
1507 1183 1617 1212 cavo
1650 1166 1878 1212 elasticum
1905 1166 2216 1222 admitterem,
2245 1185 2324 1217 ne.

275 1251 364 1295 que
389 1232 615 1280 musculos
645 1230 949 1278 intercostales
983 1231 1220 1277 interiores
1253 1230 1393 1276 costas
1428 1229 1659 1276 detrahere
1693 1230 1871 1282 darem,
1920 1229 2080 1277 exarfit
2109 1232 2181 1278 vir
2210 1233 2325 1280 acris

275 1301 318 1346 &
347 1299 471 1359 Jenae
505 1309 640 1355 1744.
666 1294 746 1354 4*
783 1294 945 1340 deinde
977 1301 1111 1352 1746.
1134 1293 1216 1352 4.*
1255 1296 1358 1339 0010
1389 1305 1721 1354 programmata
1753 1293 1916 1346 edidit,
1963 1294 2211 1354 inquibus
2247 1313 2324 1343 ve.

273 1361 506 1409 hementer
531 1362 579 1406 in
604 1375 674 1405 1110
702 1359 909 1405 invectus
927 1393 939 1411 ,
978 1359 1110 1404 nulla
1133 1371 1285 1404 tamen
1320 1374 1402 1417 pro
1431 1355 1509 1403 sua
1538 1354 1774 1417 hypothesi
1807 1357 2137 1416 experimenta,
2174 1361 2325 1408 nullas

270 1428 469 1473 rationes
491 1424 766 1471 anatomicas
797 1423 1038 1484 produxit,
1072 1439 1096 1467 a
1125 1422 1291 1481 quibus
1315 1422 1422 1466 vitae
1445 1437 1612 1481 genus,
1652 1421 1751 1466 viro
1782 1420 1969 1480 ingenio
1995 1435 2205 1468 caeterum
2229 1425 2324 1483 pol.

269 1490 408 1542 lenti,
445 1489 643 1535 alienum
670 1485 772 1533 fuit.
840 1489 951 1533 Non
983 1497 1113 1546 putat
1142 1485 1282 1532 costas
1299 1485 1441 1531 rotati
1457 1483 1601 1545 posse,
1637 1500 1785 1543 neque
1805 1482 1936 1545 super
1952 1482 2056 1531 suos
2075 1485 2190 1533 duos
2206 1485 2322 1534 fines

271 1553 423 1606 volvi,
460 1568 607 1613 neque
632 1550 761 1597 costae
791 1551 945 1612 primae
970 1550 1186 1610 majorem
1209 1548 1473 1596 firmitatem
1496 1545 1760 1595 considerat.
2149 1580 2153 1582 -

406 1635 547 1681 Paulo
573 1634 669 1693 post
691 1633 939 1692 Burdigalae
970 1631 1205 1692 praemium
1237 1630 1468 1683 obtinuit,
1505 1632 1545 1677 &
1563 1646 1697 1690 quam
1725 1629 1780 1676 ad
1807 1646 1904 1675 eam
1935 1627 2222 1678 Academiam
2243 1632 2326 1678 mi-

269 1697 388 1745 serat
412 1697 673 1752 differtatio,
702 1700 752 1744 in
785 1713 834 1742 ea
863 1696 974 1741 urbe
1003 1695 1173 1755 prodiit
1188 1695 1357 1741 Gallice
1388 1696 1430 1740 &
1458 1695 1595 1740 latine
1623 1701 1759 1751 1746.
1787 1692 1869 1751 4.*
1899 1710 2003 1739 curn
2022 1695 2158 1741 titulo
2179 1729 2192 1747 ‚
2228 1693 2322 1757 dist:

261 1762 343 1821 fiir
364 1763 408 1808 la
427 1766 668 1822 mecanique
689 1762 761 1808 des
773 1800 775 1802 .
779 1761 1006 1820 secretions
1039 1759 1148 1804 dans
1173 1759 1210 1804 le
1238 1771 1357 1819 corps
1387 1756 1574 1804 lmmain.
1644 1755 1860 1804 Diversos
1885 1755 2100 1804 humores
2137 1758 2321 1806 diverfis

242 1826 322 1873 ,111
350 1826 550 1886 corporis
576 1825 767 1873 humani
792 1824 914 1870 00113·
932 1821 1122 1882 separari
1147 1823 1302 1875 docet,
1341 1821 1466 1881 quod
1495 1821 1710 1882 ponderis
1745 1819 1941 1880 specifici
1972 1822 2157 1882 majoris
2178 1819 2321 1870 solida

270 1887 610 1949 ponderosiores
641 1891 804 1950 pariter
834 1886 1048 1933 humores
1074 1884 1237 1932 fortius
1274 1884 1482 1938 trahant,
1519 1896 1654 1945 atque
1687 1882 1911 1931 viciffir'n:
1959 1887 2136 1931 nullum
2166 1897 2319 1933 autem
2353 1933 2358 1936 ,

269 1952 510 1999 humorem
534 1953 588 1998 ad
610 1954 799 2013 parietes
822 1952 959 1997 ullius
984 1950 1122 2010 partis
1143 1948 1298 1995 solidae
1322 1947 1617 1995 adhaerescere
1632 1983 1644 2001 ‚
1681 1964 1829 2008 neque
1850 1948 1960 1994 adeo
1984 1947 2222 1996 humorem
2242 1965 2324 2008 per

270 2016 321 2063 id
344 2017 493 2062 colum
521 2015 574 2061 de
595 2016 810 2077 sanguine
831 2013 998 2060 secerni
1012 2048 1025 2067 ,
1058 2011 1141 2059 11111
1156 2015 1235 2072 qui
1248 2011 1298 2059 fit
1313 2015 1409 2073 ejus
1428 2014 1514 2059 coli
1526 2011 1678 2059 solidis
1695 2012 1895 2072 partibus
1912 2012 2145 2071 aliquanto
2158 2013 2319 2060 levior.

270 2079 464 2126 Putabat
482 2091 630 2125 autem
649 2096 723 2140 per
750 2077 1058 2125 exhalationes
1081 2079 1121 2124 &
1149 2075 1466 2123 exsiccationes
1495 2074 1538 2122 se
1564 2075 1821 2128 ostendere,
1864 2092 1934 2122 eas
1961 2074 2123 2122 solidas
2154 2089 2317 2136 partes,

270 2159 380 2191 eave
399 2141 566 2190 viscera
591 2141 792 2203 specifice
807 2139 1127 2203 ponderosiora
1154 2139 1250 2194 effe,
1282 2157 1383 2201 quae
1408 2141 1559 2187 minus
1582 2140 1805 2186 amittunt
1831 2139 1884 2185 de
1897 2137 1978 2185 suo
2000 2139 2216 2199 pondere.

400 2225 519 2271 Cum
554 2240 687 2283 porro
718 2241 798 2284 ego
826 2227 1113 2284 experimenta
1139 2222 1190 2268 de
1222 2222 1501 2283 respiratione
1524 2225 1678 2282 priora
1720 2218 1778 2275 Εεῖ
1800 2222 2031 2281 posteriora
2064 2218 2316 2274 edidissem,

269 2305 419 2350 neque
446 2304 516 2334 me
538 2288 608 2334 vis
628 2288 724 2333 veri
747 2287 908 2332 smeret
931 2303 1033 2333 curn
1065 2288 1129 2332 Cl.
1161 2286 1261 2332 viro
1289 2284 1480 2337 sentire,
1517 2284 1657 2330 edidit
1680 2284 1733 2328 de
1764 2285 2062 2345 respirationis
2092 2282 2318 2344 mechanisL

269 2371 337 2401 mo
372 2350 431 2408 fic?
462 2350 536 2409 usu
552 2355 735 2412 genuino
759 2348 1087 2410 diffie-tationem
1119 2350 1224 2410 Jen.
1243 2355 1378 2407 1748.
1403 2347 1486 2407 4.*
1550 2347 1677 2393 Prior
1702 2348 1777 2392 illa
1805 2348 1914 2393 anni
1941 2359 2076 2406 1727.
2115 2347 2313 2408 disputa-

267 2420 335 2466 tio
367 2415 441 2462 hic
459 2415 601 2467 redit,
636 2426 735 2460 tum
763 2416 865 2459 0010
893 2425 1244 2474 programmata,
1277 2429 1378 2472 quae
1405 2427 1550 2470 nuper
1585 2411 1811 2464 diximus,
1857 2413 1898 2458 &
1934 2410 2152 2458 refutatio
2180 2428 2311 2470 expe·-

267 2485 569 2530 ximentorum
604 2475 972 2536 Gottingensium
991 2511 1003 2528 ‚
1040 2477 1183 2536 qualis
1209 2476 1351 2536 potest
1382 2475 1436 2522 ab
1457 2475 1644 2535 ingenio
1668 2476 1709 2520 80
1735 2474 2049 2535 indignatione
2070 2473 2311 2535 proficisci.

270 2545 397 2593 Adeo
430 2539 616 2588 indulsit
641 2541 722 2586 iris
757 2539 870 2591 suiS,
913 2550 964 2584 ut
992 2542 1300 2586 convitiorum
1333 2540 1531 2600 integras
1562 2539 1744 2598 paginas
1776 2539 1908 2584 amici
1940 2540 2028 2584 mei
2059 2555 2114 2584 ex
2143 2537 2231 2583 hoc
2262 2539 2313 2584 li-

270 2609 390 2655 bello
420 2603 750 2664 decerpserint:
803 2602 1018 2648 hactenus
1051 2614 1200 2648 tamen
1232 2619 1334 2648 eum
1372 2600 1553 2648 excuses
1575 2635 1586 2654 ,
1631 2601 1755 2661 quod
1793 2600 1987 2661 asperam
2025 2600 2313 2654 schedulam,

271 2674 359 2718 alio
390 2670 445 2716 ab
477 2671 657 2715 31101010
683 2665 928 2728 [1101001301
955 2699 968 2719 ,
1021 2667 1063 2711 &
1091 2667 1323 2728 Gottingae
1350 2667 1512 2713 editam
1538 2663 1652 2711 mihi
1678 2665 1917 2719 tribuerit,
1945 2665 2141 2725 indeque
2164 2662 2317 2714 causas

268 2732 476 2782 sumserit
504 2733 687 2778 irarum.

399 2815 538 2860 Porro
562 2814 688 2875 Jenae
718 2823 852 2870 1751.
872 2808 954 2869 4*
979 2808 1121 2856 edidit
1148 2807 1448 2871 physiologiam
1472 2810 1702 2864 medicam,
1722 2810 1762 2870 s.'
1791 2810 1842 2856 de
1875 2808 2095 2857 afli-onibus
2125 2815 2315 2872 corporis

270 2875 445 2924 humani
457 2876 580 2934 sani,
629 2877 865 2923 doft'rinam
884 2873 970 2932 fitis
992 2875 1219 2935 principia
1242 2872 1414 2932 physica
1434 2876 1789 2935 stiperstrueiam,
1838 2874 1967 2933 cujus
1993 2875 2316 2933 compendium·

272 2957 377 2990 cum
396 2940 531 2989 titulo
550 2940 763 2991 Elementa
778 2937 1028 3004 phyfiologiae
1052 2937 1214 2989 medicae
1245 2938 1371 3000 Jenae
1390 2950 1523 3000 1757.
1549 2937 1630 2999 8.*
1664 2954 1690 2987 3
1706 2948 1852 2994 morte
1876 2938 1940 3000 Cl.
1972 2937 2060 2990 viri
2077 2936 2307 2990 excusum,

1804 3038 1810 3039 ν
2164 3017 2313 3065 nuper
