2531 3394
898 125 942 186 §-
978 135 1086 201 95¹·
1123 134 1232 186 962.
1299 125 1347 176 V
1378 125 1416 174 A
1449 123 1492 172 R
1523 123 1547 171 1
1583 123 1623 172 1.
2190 133 2283 186 255¹

363 246 419 306 In
442 258 665 320 Epist.111.
699 257 872 306 Madrit
898 257 1031 316 1750'.
1067 269 1112 316 4.
1149 257 1222 303 del
1249 253 1591 315 discuhrimiento
1625 253 1675 300 de
1704 251 1751 302 ιάι
1774 222 2028 302 εἱνειιῐηεὲἱοη
2053 253 2105 301 de
2125 254 2170 301 Ia
2183 252 2286 314 san-

233 334 316 386 gue
340 320 465 369 hecha
483 335 565 383 per
594 340 651 369 zm
675 323 876 369 Albeitar
895 322 1106 383 Esjmnnol
1139 320 1392 376 (RE'YNA.)

364 403 431 449 Id.
449 394 567 465 Ep‘ist.
592 405 672 451 IV.
704 404 844 450 edidit
869 413 1003 461 1753.
1028 414 1072 459 4.
1109 405 1152 446 in
1185 415 1269 461 qua
1300 399 1360 445 da
1369 399 1417 458 se
1443 404 1604 447 noticia
1620 417 1653 460 y
1676 404 1721 446 in
1747 395 1988 457 comendcffa
2016 398 2060 444 la
2093 399 2285 448 domina

234 465 489 527 delfamoso
519 468 690 515 Medico
715 466 926 530 Espannol
941 467 998 511 D.
1023 466 1105 511 Fn.
1132 467 1339 511 SOLANO
1363 463 1416 509 de
1438 465 1628 520 LUQUE.

366 551 575 596 Antonius
586 548 637 596 de
648 550 920 595 MONRAVA
942 559 972 593 v
990 546 1184 598 Rocca‚
1218 545 1509 593 Academicus
1537 546 1678 594 edidit
1694 580 1707 600 ‚
1746 561 1948 593 oracoens
1957 542 2112 607 phisico
2137 559 2286 595 anato-

235 615 342 659 mico
362 613 528 659 vnzedico
565 611 836 671 Chirurgicas
866 610 1126 670 Antverpiae
1152 622 1285 667 1732.
1314 623 1358 668 4.

363 694 436 754 EJ.
480 697 635 740 Critico
665 691 847 752 desterro
869 691 946 737 das
974 696 1213 738 anatomias
1225 691 1365 752 fizls'as·
1394 691 1577 738 Lisbon.
1599 704 1733 750 1739.
1760 703 1807 750 4.

363 776 438 835 EJ.
480 771 674 826 Tratado
693 773 928 833 proeemial
952 778 1192 820 anatomico
1204 772 1430 836 fisiologico
1468 773 1652 820 Lisbon.
1674 786 1808 833 1744.
1829 771 1907 820 fol.
1942 772 2098 821 2.Vol.

292 899 297 902 ,
374 859 555 914 Conyers
566 855 894 901 MIDDLETON
909 856 1054 901 oratio
1071 855 1123 900 de
1136 872 1243 901 novo
1253 853 1509 916 physiologice
1520 855 1778 918 explicandae
1788 872 1961 902 munere
1972 873 2026 902 ex
2035 857 2291 919 J.WO0D-

238 933 398 969 wARn
429 920 669 979 testamento
709 929 841 976 1732.
861 921 937 980 4*
1003 919 1176 965 Laudes
1200 919 1583 967 &WooDwARDL

184 1052 186 1055 ,
363 1001 436 1061 EJ.
474 1000 744 1059 Afisceffanea
766 999 904 1046 works
941 1000 1138 1047 London
1160 1010 1292 1058 1752.
1318 997 1401 1059 4*
1466 1002 1691 1049 Mumiam
1717 998 1927 1047 describit
1949 1001 2292 1063 Cantabrigien.

239 1062 345 1118 sem,
371 1062 463 1111 sola
486 1063 718 1124 superstite
736 1075 836 1113 cute
857 1080 960 1110 cum
987 1063 1182 1117 ollibus,
1214 1065 1400 1124 reliquis
1419 1063 1693 1119 consumtis,
1730 1081 1854 1111 mero
1887 1063 2087 1126 asphalto
2114 1065 2290 1116 fartam.

879 1191 924 1248 ς.
964 1194 1390 1241 DCCCCLXII.
1499 1199 1635 1244 Varii.

375 1290 634 1353 Godofredus
656 1291 861 1338 SELLIUS
894 1293 1089 1351 primum
1118 1292 1167 1337 in
1196 1295 1420 1338 Commerc.
1447 1296 1531 1338 Lit.
1563 1297 1676 1339 Nor.
1713 1302 1848 1349 1732.
1877 1289 2002 1339 hebd:
2029 1304 2100 1350 52.
2128 1294 2219 1354 agit
2237 1293 2292 1341 de

241 1356 444 1404 teredine
467 1356 641 1402 marina
670 1356 948 1416 lignoperda,
979 1357 1100 1402 muci
1125 1354 1257 1401 simili
1281 1356 1502 1401 animale:
1539 1357 1592 1402 de
1618 1356 1792 1402 duabus
1819 1356 1915 1416 ejus
1940 1357 2137 1404 bestiolae
2169 1358 2292 1405 testis

241 1436 320 1466 ora
355 1418 532 1466 secante
572 1421 748 1479 lignum
781 1419 1114 1472 incidentibus,
1154 1422 1194 1465 &
1223 1419 1276 1465 de
1302 1417 1551 1466 fortiffimis
1580 1418 1792 1466 musculis
1814 1436 1883 1466 eas
1902 1420 2032 1467 testas
2059 1422 2293 1483 dirigenti-

238 1485 323 1531 bus
344 1503 357 1536 3
394 1484 447 1529 de
472 1482 572 1529 vase
601 1500 676 1544 per
702 1483 1038 1543 longitudinem
1063 1484 1262 1543 corporis
1290 1483 1507 1536 deducito,
1546 1500 1678 1530 carne
1705 1482 1899 1538 fibrosa,
1935 1486 2101 1532 ovulis.

367 1565 541 1626 EJUSD.
598 1570 667 1611 De
694 1564 882 1610 teredine
911 1569 1081 1610 marina
1111 1581 1224 1625 opus
1272 1563 1464 1612 Utrecht
1491 1577 1624 1623 1733.
1649 1567 1726 1624 4*
1763 1567 1804 1612 &
1839 1565 2013 1627 Belgice
2046 1566 2111 1619 ib.
2134 1567 2293 1615 eodem

241 1645 378 1675 anno.
478 1630 743 1675 Accuratius
779 1629 832 1673 de
868 1627 1080 1675 musculis
1114 1629 1327 1675 testarum
1360 1629 1534 1688 lignum
1579 1626 1910 1675 effodientium.
2011 1631 2117 1677 Ova
2149 1631 2294 1677 incre-

240 1693 373 1739 dibili
398 1709 588 1739 numero
622 1699 901 1748 13388000.
972 1691 1165 1752 Liquor‚
1199 1709 1290 1752 quo
1317 1693 1485 1739 animal
1510 1694 1687 1753 lignum
1710 1694 1872 1739 mollit.
1940 1694 2047 1746 Cor,
2074 1694 2170 1754 ejus
2191 1694 2292 1741 duae

240 1758 442 1810 arteriae,
474 1773 587 1802 vena
609 1758 758 1802 unica.
830 1755 1108 1815 Androgyna
1133 1755 1212 1802 effe
1239 1756 1473 1810 animalia,
1515 1759 1625 1804 &in
1655 1755 1698 1803 se
1730 1755 1832 1818 ipsis
1853 1758 2104 1818 concipere.
2173 1757 2292 1805 Vasa

233 1820 434 1871 interna.
501 1820 745 1867 Eruditum
772 1822 813 1866 Sc
836 1818 1073 1866 verbosum
1099 1837 1229 1881 opus.

369 1900 581 1960 Hendryk
609 1903 900 1949 UYLHOORN
928 1901 1057 1963 nodig
1081 1901 1313 1948 denlzbeeld
1334 1920 1424 1948 van
1446 1900 1516 1949 het
1539 1907 1656 1949 nooit
1684 1900 1978 1962 heschreevene
1996 1902 2294 1965 ongemakffii-

241 1983 297 2012 na
320 1965 452 2028 bifida
487 1965 760 2011 Amsterdam
788 1977 920 2023 1732.
946 1966 1024 2018 8.*
1091 1967 1217 2011 Bona
1243 1967 1348 2012 icon
1382 1969 1424 2013 ὃς
1450 1966 1688 2027 descriptio
1725 1966 2037 2013 deficientium
2063 1965 2293 2026 spinarum

243 2028 346 2076 offis
369 2027 479 2074 sacri
504 2031 545 2075 ὃς
577 2030 860 2075 lumbalium.
930 2030 1063 2075 Putat
1092 2029 1180 2075 hoc
1208 2032 1385 2076 malum
1406 2032 1516 2076 oriri
1538 2046 1562 2076 a
1589 2042 1830 2078 curvatura
1856 2031 2134 2092 complicatae
2156 2031 2292 2092 spinae

243 2091 375 2146 dorfi,
399 2093 448 2138 in
470 2094 691 2153 praecipiti
715 2092 835 2140 fetus
861 2091 1115 2139 inversione
1141 2094 1274 2140 nimis
1301 2091 1484 2140 efficaci.

370 2175 406 2220 L
410 2189 446 2236 J.
494 2174 668 2221 Tweede
690 2187 866 2236 ver-toog
880 2191 983 2221 over
997 2174 1048 2220 de
1064 2175 1191 2236 spina
1209 2175 1340 2238 bifida
1360 2187 1425 2222 tot
1440 2175 1864 2238 tegenantwoording
1881 2193 1968 2223 van
1982 2175 2149 2223 Abram
2171 2177 2294 2224 ’ΠΤ-ιι

243 2252 402 2285 SINGH
438 2238 655 2284 Arnsterd.
687 2250 820 2296 1733.
852 2239 928 2291 8.*
998 2241 1172 2285 Acriter
1195 2238 1436 2298 respondet
1460 2256 1557 2285 non
1589 2239 1755 2285 blando
1783 2238 1949 2300 scripto
1968 2242 2290 2287 TITSINGHII.

244 2303 394 2362 Negat
425 2302 480 2347 ab
515 2303 839 2362 imaginatione
878 2314 1080 2349 materna
1118 2305 1293 2349 malum
1319 2302 1401 2349 fibi
1435 2303 1607 2350 dietum
1636 2301 1735 2350 fieri
1752 2322 1767 2356 3
1821 2321 1846 2350 a
1872 2305 2137 2365 complicata
2166 2302 2293 2365 spina

246 2364 362 2411 dorsi
387 2364 466 2411 else
495 2363 590 2411 fuse
617 2366 875 2413 confirmat.

373 2447 450 2506 EJ.
495 2447 721 2507 Osteologia
754 2448 973 2495 Amsterd.
1000 2453 1133 2507 1769.
1155 2446 1232 2503 8.*
1300 2449 1338 2495 A
1367 2446 1598 2510 discipulis
1624 2448 1753 2496 editae
1779 2448 1937 2496 breves
1957 2448 2278 2510 praelectiones.

375 2525 597 2572 Abraham
616 2529 801 2574 TITSIN
808 2542 840 2574 G
861 2527 1125 2590 heelkondige
1153 2527 1511 2590 verhmzdelingen
1533 2548 1621 2577 vcm
1642 2531 1693 2576 cle
1705 2530 1944 2593 splytingen
1967 2549 2053 2576 van
2077 2530 2127 2574 de
2143 2540 2292 2589 rugge-

240 2591 385 2654 graad
422 2589 694 2636 Aml'terdam
732 2602 863 2648 1732.
897 2592 972 2644 8.*
1040 2594 1221 2652 Spinam
1260 2591 1445 2639 bifidam
1484 2610 1579 2640 non
1612 2594 1693 2640 effe
1723 2613 1745 2640 a
1777 2608 1960 2641 curvata
1994 2592 2106 2639 dorsi
2137 2590 2289 2650 spina3

246 2655 323 2702 sed
343 2653 422 2701 effe
443 2653 827 2715 hydrocephalmi,
860 2658 901 2700 &
920 2653 1032 2714 saepe
1051 2656 1104 2702 ab
1128 2655 1452 2717 imaginatione
1475 2671 1679 2704 materna
1694 2659 1818 2704 oriri.
1856 2660 2012 2705 leones
2027 2656 2292 2703 collectitiae.

375 2738 448 2797 EJ.
490 2741 638 2782 Diana
658 2734 943 2781 ontdelclcende
968 2736 1020 2782 {le
1049 2735 1291 2783 dwaasheid
1312 2738 1391 2784 der
1412 2739 1716 2799 voordmeester
1754 2738 2030 2785 Amsterdam
2055 2750 2190 2797 1750.
2211 2733 2294 2796 4*

247 2799 304 2846 In
328 2801 477 2847 Torno
503 2801 559 2846 ΙΙ.
591 2812 797 2845 anatome
822 2800 881 2845 est
909 2802 949 2845 &
975 2799 1253 2861 physiologia
1272 2836 1284 2854 ‚
1322 2819 1421 2863 quae
1442 2803 1558 2850 nihil
1577 2803 1711 2849 habet
1731 2803 1914 2862 proprii.

337 2881 451 2942 *EJ.
487 2885 644 2943 Cypria
670 2879 763 2936 &a
799 2881 1079 2927 Amsterdam
1103 2893 1238 2940 1742.
1265 2883 1345 2941 4*
1379 2901 1492 2944 pene
1512 2896 1657 2930 totam
1678 2896 1921 2929 anatomen
1942 2883 2162 2930 continet.

380 2962 434 3007 In
471 2962 503 3006 Ε
505 2976 526 3022 J
567 2966 790 3022 rustuuren
816 2976 1025 3011 narratur
1049 2963 1103 3010 de
1127 2963 1303 3025 virgine
1320 2964 1633 3027 imperforata,
1671 2966 1745 3013 cui
1767 2957 1930 3027 vagina
1953 2962 2209 3027 asanguine
2226 2977 2293 3008 re-

250 3033 378 3073 tento
411 3024 761 3075 distendebatur.
2169 3027 2215 3073 F.
2235 3029 2290 3072 A.
