2531 3394
825 8 856 16 ἢ

783 121 823 175 §-
864 114 1174 179 107221073,
1239 111 1703 193 CON-DILLAC.
1796 107 1798 110 ’
1866 142 1871 144 -
2076 149 2087 164 ,
2179 126 2277 182 403

335 237 510 302 EJUSD.
579 240 732 286 Traite‘
762 237 834 285 des
847 232 1086 297 sensatione·
1119 232 1314 280 London
1351 229 1522 291 (Paris.
1557 229 1749 292 potius)
1804 242 1938 291 1754.
1970 243 2042 281 12.
2080 230 2279 281 2.Vol.*

209 305 400 355 Novum
433 320 564 365 opus.
647 305 848 351 Statuam
877 300 958 348 fibi
985 298 1126 346 sumit
1153 299 1312 344 audior
1338 315 1370 349 3⁷
1396 313 1446 342 ea
1479 296 1628 356 primo
1660 298 1798 344 unico
1824 312 1848 342 a
1878 295 2008 344 sensu
2033 298 2283 352 adficitur,
2312 357 2321 360 ,Δ

210 368 380 418 olfactu
409 371 449 416 &
479 368 633 415 odore.
702 368 802 429 Jam
829 383 854 413 a
879 361 974 412 solo
1005 364 1145 409 odbre
1173 377 1301 407 amor
1326 363 1369 407 Sc
1392 360 1551 407 odium
1581 359 1911 414 nascebantur,
1943 374 1998 407 ut
2026 362 2141 409 odor
2179 379 2278 424 gra-

208 448 285 482 tus
312 432 441 486 esset,
471 445 558 479 ⁴aut
575 435 780 493 ingratus
805 449 816 476 :
853 443 950 477 tum
979 426 1226 479 memoria,
1263 425 1446 486 quando
1473 442 1623 472 novus
1652 425 1767 471 odor
1792 423 1836 471 se
1864 424 2020 471 statuae
2039 426 2280 486 imprimit,-

209 500 318 546 dum
348 498 508 558 prioris
539 494 766 558 impreffio
793 491 1002 554 superest.
1071 490 1307 552 judicium
1337 490 1399 536 eit
1428 489 1655 536 distinctio
1678 490 1874 536 duorum
1901 489 2112 536 odorum.
2182 492 2278 536 Vo-

208 565 404 624 luptates
434 564 483 608 in
511 563 665 608 animo
692 557 932 606 residentes
959 573 1014 609 ex
1037 569 1250 601 revocata
1270 552 1558 613 impreffione
1578 555 1693 615 grati
1719 554 1872 600 odoris
1897 572 1908 599 ε
1956 554 2086 614 origo
2113 555 2236 600 taedii
2261 573 2277 607 ς

206 628 437 675 revocatio
468 627 702 676 idearum3
741 622 884 669 animi
908 618 1134 672 adfedhxs,
1174 619 1436 672 abstractio,
1473 632 1529 665 ut
1552 621 1692 679 gratia
1717 635 1818 679 quae
1837 617 1931 664 sola
1963 617 2147 665 diversis
2169 618 2281 663 odo-

207 692 334 739 ribus
362 690 618 738 communis
648 687 722 734 est.
790 687 1018 745 Tempus,
1054 682 1267 730 succeffio
1288 681 1648 744 impreffionum.
1734 682 1818 730 Sed
1854 698 1979 729 nunc
2004 699 2156 730 novus
2181 680 2279 728 sen-

209 755 283 804 sus
313 756 446 816 agit„
474 753 683 805 auditus,
721 762 776 797 ut
796 749 902 796 inde
931 750 1082 795 anima
1101 746 1389 809 perficiatur,
1424 750 1465 795 ἃ
1495 763 1630 807 porro
1663 765 1719 794 ex
1751 745 1866 794 visu.
1947 749 2102 805 Qare
2128 747 2280 793 videa-

207 838 309 868 mus
337 832 484 865 meros
507 819 555 863 in
590 814 826 876 superficie
851 815 1040 860 colores.
1128 813 1299 859 Tadius
1326 813 1515 873 corrigit
1542 810 1662 859 visus
1692 810 1994 865 sensationes,
2035 813 2077 858 ἃ
2105 813 2285 858 colores

211 896 383 937 certos,
407 882 681 941 umbrasque
704 891 862 933 certas,
890 877 989 925 suas
1009 876 1177 937 figuras
1199 878 1398 923 indicare
1415 876 1627 924 ostendit.
1696 876 1814 923 Ideae
1834 893 1954 923 mere
1967 875 2202 937 spiritales,
2235 877 2280 922 ὃς

208 963 433 1010 corporeae
464 946 576 992 aliae.
647 946 824 992 Omnes
852 943 964 989 ideae
984 959 1010 988 a
1033 940 1288 988 sensatione
1307 939 1572 988 nascuntur.
1641 939 1761 988 Usus
1782 941 2033 1003 digitorum
2069 943 2117 987 in
2137 943 2278 987 taetu.

335 1030 391 1076 In
409 1028 536 1075 T.11.
577 1028 642 1074 Ut
661 1029 806 1073 taetus
830 1024 990 1071 doceat
1009 1024 1239 1070 distantias
1258 1022 1344 1070 usu
1369 1024 1545 1076 metiri,
1578 1025 1619 1069 &
1644 1023 1867 1084 corrigere
1888 1022 2054 1084 figuras
2078 1025 2116 1069 ἃ
2134 1025 2285 1070 conti-

208 1094 407 1141 nuitates
424 1107 682 1152 corporum.
752 1090 819 1136 Ut
830 1090 980 1135 anima
993 1088 1159 1134 obruta
1176 1105 1366 1135 numero
1382 1085 1716 1148 impressionem
1732 1088 1884 1134 minus
1897 1088 2048 1135 vivide
2064 1089 2285 1148 percipiat

212 1159 557 1218 &imaginetun
628 1156 693 1202 Ut
705 1154 881 1200 bonum
897 1170 952 1199 ex
966 1153 1106 1199 odore
1128 1151 1353 1214 &sapore‚
1390 1153 1631 1213 pulchrum
1651 1169 1706 1198 ex
1724 1153 1906 1212 reliquis
1934 1151 2133 1199 sensibus
2164 1153 2281 1198 oria-

207 1234 299 1270 tur.
371 1221 467 1267 Cur
493 1219 632 1266 homo
657 1219 708 1265 in
729 1216 904 1264 deserto
930 1217 1146 1264 educatus
1175 1217 1393 1264 memoria
1422 1217 1663 1263 destitutus
1691 1214 1843 1263 fuerit.
1912 1217 2118 1264 Libertas
2149 1219 2231 1264 ἃς.

335 1304 410 1365 EJ.
453 1305 608 1350 Traite'
635 1300 707 1347 des
729 1305 964 1354 animaux,
1002 1301 1057 1347 cit
1085 1301 1207 1362 apre's
1230 1304 1355 1346 avoir
1368 1299 1462 1360 fait
1484 1299 1556 1345 des
1582 1298 1871 1357 observations
1904 1304 2106 1360 critiques
2131 1299 2211 1358 sur
2241 1299 2287 1347 le

195 1369 431 1429 sentiment
463 1365 515 1412 de
537 1367 637 1413 DEs
663 1367 866 1412 CARTES
895 1364 952 1421 &
969 1364 1050 1424 fiir
1077 1365 1183 1412 celui
1209 1364 1261 1410 de
1282 1368 1387 1411 Mr.
1418 1363 1470 1409 cle
1495 1364 1701 1410 BUFFON
1730 1381 1783 1411 on
1813 1364 2071 1425 entreprend
2098 1364 2280 1426 d’eqcpli-

203 1450 308 1495 quer
342 1433 455 1479 leurs
486 1431 749 1493 principales
770 1430 958 1491 faculte's
994 1428 1267 1476 Amsterdam
1305 1428 1462 1487 (Paris
1495 1440 1630 1485 1755,
1658 1426 1801 1481 12.)*
1867 1431 2017 1476 Multa
2041 1445 2160 1474 mere
2185 1430 2279 1474 elo-

204 1509 398 1558 quenter
423 1513 447 1541 a
471 1496 734 1542 BUFFONIO
765 1494 871 1545 diei.
909 1495 1084 1540 Contra
1097 1492 1415 1554 hypothesin„
1441 1493 1653 1538 animalia
1675 1491 1907 1539 machinas
1934 1491 2014 1539 effe
2037 1511 2047 1538 :
2086 1494 2284 1539 omnino

204 1562 325 1609 ideas
350 1576 400 1606 ea
420 1559 610 1612 habere,
653 1561 694 1605 &
719 1559 839 1605 inter
865 1556 908 1605 se
929 1575 1190 1618 comparare
1210 1593 1222 1611 ‚
1261 1560 1302 1604 ἃ
1328 1558 1556 1618 judicare,
1599 1558 1640 1602 &
1664 1556 1927 1603 meminisse.
2000 1555 2097 1617 Ipse
2114 1557 2283 1603 deinde¹

205 1629 363 1673 audior
392 1625 446 1671 de
467 1622 761 1670 facultatibus
789 1624 1074 1669 animalium.
1143 1624 1291 1669 Etiam
1325 1621 1491 1668 discere
1521 1621 1734 1667 animalia
1764 1624 1806 1668 &
1845 1620 2027 1682 perfici,
2067 1623 2108 1668 &
2133 1634 2280 1668 artem.

204 1690 366 1751 praedae
383 1688 611 1749 capiendae
631 1722 643 1740 ‚
680 1699 760 1734 aut
791 1687 968 1734 vitandi
997 1687 1201 1748 periculi,
1229 1685 1502 1747 experiendo
1529 1685 1800 1745 adquireret.
1871 1685 2090 1733 Modulos
2111 1703 2278 1746 propo-

204 1753 312 1801 fitos
338 1753 536 1806 habent,
575 1769 690 1812 quos
715 1752 984 1804 imitentur,
1022 1750 1202 1799 castoris
1225 1753 1430 1810 exemplo
1464 1752 1506 1797 ὃς
1531 1767 1695 1810 apum.
1764 1749 2035 1797 Instind‘tum
2065 1749 2145 1796 effe
2173 1766 2279 1811 cog-

207 1820 434 1865 nitionem
468 1816 750 1864 indirectam.
842 1816 1066 1863 Animalia
1103 1832 1262 1876 parum
1296 1813 1574 1868 abstrahere,
1611 1831 1774 1875 paucas
1809 1815 2023 1861 notiones
2048 1816 2283 1876 generales

206 1880 453 1944 possidere,
493 1897 633 1942 pauca
668 1879 750 1927 fibi
776 1881 1129 1927 communicare.

336 1964 554 2024 Sequitur
577 1963 902 2022 compendium
934 1961 1042 2008 libri
1067 1960 1136 2008 sui
1155 1961 1208 2008 de
1233 1960 1584 2009 sensationibus.
1655 1963 1708 2009 Se
1732 1962 1930 2023 primum
1953 1961 2189 2010 hominem
2211 1970 2281 2011 re-‘

206 2027 378 2076 duxiffe
417 2027 473 2138 a?
506 2028 640 2138 isim
672 2026 856 2074 suarum
889 2025 1200 2073 sensationum
1234 2029 1276 2074 &
1305 2027 1524 2073 idearum.
1616 2025 1713 2088 Ipsa
1740 2027 1925 2074 reflexio
1955 2028 2006 2074 in
2039 2029 2281 2090 principiis

203 2109 326 2140 mera
348 2092 408 2139 est
460 2108 516 2138 en
540 2092 648 2138 atio.

335 2177 499 2222 Anton.
522 2171 677 2236 Joseph
699 2174 974 2222 PERNETTI
1002 2174 1148 2220 lettres
1170 2171 1509 2236 philosophiques
1522 2173 1604 2233 fiir
1630 2174 1685 2221 les
1703 2172 2030 2237 plpfiognomies
2077 2175 2121 2221 la
2143 2176 2282 2235 Haye

209 2246 345 2297 1746.
375 2237 483 2285 12.*
551 2237 793 2299 Ingeniosa
818 2252 1033 2299 grataque
1055 2237 1452 2285 dictione'summa
1474 2255 1624 2285 rerum
1653 2242 1891 2300 percurrit.
1962 2240 2148 2286 Animas
2177 2256 2275 2285 om-

178 2343 181 2344 ?
204 2319 283 2350 nes
305 2304 497 2364 aequales
513 2301 594 2348 effe
607 2321 620 2354 3
654 2301 893 2349 discrimen
915 2303 969 2349 ab
990 2302 1465 2364 organizationenasci.
1534 2305 1911 2364 Temperamenta
1939 2302 2147 2350 facilibus·
2174 2303 2280 2349 cha-

203 2369 448 2414 racteribus
468 2364 695 2427 adgnosci.
764 2368 819 2413 In
833 2367 1028 2414 robustis
1042 2368 1144 2427 plus
1161 2365 1242 2412 esse
1261 2380 1405 2420 terrac,
1437 2369 1486 2413 in
1507 2370 1672 2415 teneris
1692 2367 1957 2415 hominibus
1974 2369 2073 2428 plus
2097 2369 2208 2414 aeris
2233 2370 2278 2413 ἅτ

204 2429 452 2492 sanguinis,
469 2433 510 2477 &
523 2432 701 2491 pituitae
714 2431 763 2476 in
777 2429 974 2478 feminis.
1032 2432 1253 2477 Ciborum
1266 2432 1462 2491 aliquam
1475 2433 1523 2477 in
1539 2445 1895 2493 temperamenta
1909 2433 2159 2492 potentiam
2175 2430 2279 2483 effe⁹⁷

203 2497 525 2556 primigenium
553 2507 702 2541 tamen
727 2506 1136 2554 temperamentum
1155 2511 1250 2541 non
1263 2497 1444 2541 mutari.
1498 2496 1594 2542 Cur
1610 2498 1657 2542 in
1673 2495 1784 2543 facie
1798 2495 2077 2557 potissimum
2095 2493 2279 2555 phyno-

201 2562 386 2621 gnomia
402 2558 547 2606 sedeat
568 2578 580 2611 ;
619 2562 715 2619 ejus
736 2557 1087 2606 fundamentum
1108 2561 1157 2605 in
1179 2561 1330 2606 crebra
1352 2561 1528 2606 actione
1548 2563 1795 2607 eorundem
1812 2560 2119 2607 musculorum
2146 2559 2273 2619 poni.

170 2685 173 2687 .
333 2643 407 2704 EJ.
460 2640 663 2700 Discozzrs
682 2640 765 2700 fiir
794 2641 838 2686 la
856 2640 1141 2703 pllyfionomie
1171 2640 1230 2696 ἓξ
1260 2642 1316 2688 les
1347 2655 1580 2704 avantages
1608 2643 1677 2689 fles
1701 2642 2002 2704 connoiffimces
2019 2640 2266 2703 physiogno-

132 2734 140 2736 ν
202 2710 358 2767 miques
393 2708 542 2752 Berlin
569 2718 701 2763 1749.
729 2704 806 2757 8.*
873 2705 1224 2766 Phyfiognomia
1250 2705 1302 2752 fit
1321 2708 1374 2752 ab
1394 2723 1553 2752 eorum
1577 2707 1885 2754 musculorum
1904 2707 2061 2767 majori
2082 2705 2272 2758 robore,

205 2773 283 2828 qui
302 2770 580 2817 dominantis
607 2767 808 2816 adse6lus
827 2767 1028 2829 symbola
1051 2769 1172 2816 sunt.
1250 2769 1421 2831 Magna
1447 2773 1684 2817 oculorum
1711 2772 1765 2817 ad
1791 2770 2136 2830 exprimendum
2153 2781 2274 2815 tcm-

207 2848 516 2893 peramentum
545 2834 752 2894 potestas.
823 2834 1044 2880 Colorum
1072 2834 1122 2880 in
1146 2847 1249 2880 cute
1278 2833 1429 2895 signa,
1465 2836 1617 2895 potius
1644 2835 1796 2880 nimia.
1882 2836 2098 2880 Proceros
2124 2832 2277 2880 homi-

206 2911 285 2942 nes
313 2896 511 2958 stupidos
545 2898 650 2952 effe,
690 2914 834 2945 nanos
867 2897 1070 2947 viciffim.
1142 2900 1283 2948 Oculi
1309 2916 1405 2944 non
1429 2898 1613 2960 polsunt
1646 2899 1845 2945 mentiri.
1913 2899 2003 2944 Hie
2034 2901 2184 2945 multa
2207 2914 2276 2958 po»

208 2960 296 3006 tius
315 2958 446 3022 supra
469 2978 653 3011 verum,

1233 3046 1312 3094 Ee
1341 3062 1363 3093 e
1397 3056 1426 3096 z
1899 3051 1944 3102 5.
1973 3043 2271 3095 MLXXV,
