2531 3394
282 81 377 161 722
673 96 805 144 rm.
853 94 948 141 ιχ.
1013 89 1438 159 ANAToMEs
1485 88 1936 163 pram-:erra

204 253 208 254 ⁷
285 227 467 275 nullam.
486 222 705 272 diversam
725 222 916 285 speciem
946 222 1231 269 constituere.
1299 217 1421 266 Poffe
1442 220 1717 278 peculiarem
1736 221 2049 268 conditionem
2074 222 2148 269 avi
2180 220 2235 269 ad
2263 238 2348 274 ne-v

286 303 416 353 potes
448 289 697 350 propagari.
768 290 1165 334 Hottentottarum
1194 281 1409 347 promissae
1446 281 1657 343 nymphae
1697 285 1805 329 olim
1831 286 1873 329 <Sc
1904 301 2050 344 nuper
2074 287 2125 333 in
2152 286 2339 334 fervidis

284 355 551 417 regionibus
573 352 812 425 familiares
836 349 1186 398 circumcisionis
1210 349 1463 407 puellarum
1495 345 1799 394 neceffitatem
1824 345 2045 394 fecerunt.

415 439 633 484 Patricius
657 436 840 482 TUGUD
873 432 926 480 de
944 432 1098 479 caloris
1123 430 1371 476 animalium
1403 428 1526 488 caufiz
1559 419 1828 490 Edinburgh
1853 440 1987 488 1775.
2021 435 2066 483 8.

420 515 600 565 Thomas
623 517 861 565 GIBBON'S
885 513 936 559 de
953 512 1176 558 mulierum
1203 515 1393 557 mammis
1429 510 1591 557 Edinb.
1619 523 1754 569 1775.
1779 517 1822 563 8.

314 640 333 648 ,,
422 599 538 648 Guil.
559 599 915 657 Wopnwme
944 593 996 640 de
1025 592 1154 652 caufis
1193 592 1538 641 irritabilitiztem
1561 592 1784 655 fibrarum
1814 596 2057 640 metricium
2090 592 2341 654 augentibus

287 663 452 713 Edinb.
477 675 612 721 1775.
642 669 684 715 8.
2291 671 2293 673 >

421 749 544 793 Petri
568 742 720 797 Jacobi
743 741 1027 788 VOLTELEU
1054 737 1107 784 de
1131 738 1234 785 Ιαὲἴε
1257 737 1437 784 hmnano
1463 738 1630 798 ejusque
1652 754 1745 785 cum
1772 737 1926 796 asinino
1953 736 2012 794 ἐξ
2039 738 2165 784 oviffo
2184 750 2342 800 compa·
2418 775 2419 778 ,

286 814 461 858 ratione
492 806 684 855 Utrecht
709 817 842 863 1775.
866 816 910 861 4.
955 803 1143 863 Egregia
1162 802 1423 861 disputatio.
1493 800 1773 855 Confirmat,
1811 804 1877 848 lac
1896 803 2149 848 humanum
2167 818 2192 846 a
2209 804 2338 848 nullo

285 873 529 934 ⁴vegetabili
550 870 679 915 acore
698 871 798 929 agi,
834 883 980 926 neque
1006 866 1088 912 nifi
1107 883 1132 911 a
1155 865 1316 926 spiritu
1334 866 1458 917 vini,
1498 867 1539 910 ἃ
1564 882 1587 911 a
1613 863 1775 924 spiritu
1797 867 1925 911 acido
1955 865 2157 912 chemieo
2189 868 2336 911 calore

287 938 464 999 adjuto.
535 935 644 993 Igne
669 931 870 991 subjedto
902 947 1112 990 magnam
1138 933 1229 976 vim
1261 930 1373 975 aeris
1407 930 1559 980 edere,
1596 927 1806 988 spiritum
1842 928 2131 981 subacidum‚
2169 930 2337 975 oleum.

288 1003 346 1049 In
383 1001 530 1046 cinere
557 996 680 1057 figna
720 994 827 1041 sunt
874 992 1006 1046 ferri,
1050 992 1151 1040 salis
1190 991 1409 1045 lixiviofi‚
1450 995 1491 1038 ὃς
1525 990 1623 1038 salis
1657 994 1928 1039 communis.
2015 995 2102 1039 Lac
2136 991 2253 1050 afince
2282 992 2338 1038 ab

289 1081 420 1111 acore
454 1060 697 1122 vegetabili
724 1059 1011 1118 coagulatur,
1053 1060 1095 1103 &
1123 1074 1148 1102 a.
1173 1058 1272 1103 vini
1293 1054 1469 1117 spirim.
1557 1056 1769 1116 Phlegma
1807 1051 1861 1102 ad
1894 1059 2046 1117 ignem
2074 1055 2339 1102 subacidum

283 1128 446 1180 stillat,
478 1129 518 1171 &
537 1123 637 1170 salis
663 1123 860 1170 volatilis
884 1120 985 1167 ficei
1010 1122 1310 1180 aliquantum.
1394 1121 1450 1166 In
1477 1121 1625 1167 cinere
1655 1119 1823 1166 ferrum
1853 1119 1939 1173 est,
1980 1122 2022 1166 δε
2048 1118 2109 1165 sal
2135 1120 2336 1165 marinus

287 1191 428 1238 nimia
460 1189 670 1249 portione
700 1185 800 1232 salis
836 1187 1013 1232 alcalini
1049 1184 1289 1231 saturatus.
1382 1185 1470 1230 Lac
1503 1185 1674 1229 ovillum
1714 1183 1769 1229 ab
1812 1184 1940 1229 omni
1965 1200 2094 1229 acore
2125 1183 2336 1242 cogitur;

289 1255 496 1315 phlegma
521 1251 597 1297 dat
621 1249 902 1302 subacidum,
938 1247 1069 1294 salem
1103 1249 1333 1294 volatilem
1359 1248 1632 1293 alcalinum:
1681 1249 1810 1293 nullo
1832 1248 1968 1293 modo
1997 1263 2104 1294 vero
2126 1245 2340 1307 spiritur).

282 1316 498 1365 vinosum
536 1316 650 1375 (qui
686 1330 741 1360 ex
770 1315 879 1360 lacte
908 1329 1033 1373 equae
1057 1314 1282 1372 paratur.)

971 1448 1009 1498 §.
1045 1443 1258 1491 MCCX
1274 1442 1434 1494 (3111.
1533 1442 1657 1490 Galli.

411 1565 457 1626 J.
472 1565 529 1612 T.
559 1564 615 1610 G.
638 1564 895 1615 DUBOSCQ
911 1559 962 1605 de
989 1559 1032 1606 la
1056 1560 1417 1610 ROBARDIERE,
1446 1553 1754 1609 Cadomenfis,
1780 1555 1986 1602 Medicus
2007 1552 2236 1608 Virenfis,
2272 1572 2338 1601 re.

281 1628 475 1678 eberches
494 1627 574 1687 sur
607 1627 644 1673 le
663 1624 833 1687 paffage
857 1624 927 1670 des
952 1624 1124 1669 alimens
1154 1619 1211 1677 ἓξ
1240 1621 1309 1667 des
1339 1620 1615 1666 medicantem
1636 1619 1745 1665 dans
1771 1621 1808 1666 le
1827 1631 1996 1666 torrent
2020 1619 2071 1664 de
2095 1619 2139 1663 la
2157 1619 2338 1669 circula-

281 1699 376 1741 tion
409 1693 530 1739 Paris
554 1696 689 1748 1776.
724 1688 829 1735 12.*
896 1685 1028 1734 Nihil
1063 1685 1211 1731 subire
1239 1686 1288 1730 in
1325 1682 1424 1730 vasa
1451 1686 1614 1735 lactea,
1652 1682 1735 1729 nisi
1763 1684 1886 1743 quod
1909 1682 2106 1728 solutum
2131 1679 2216 1727 fit:
2251 1693 2337 1728 ter-

280 1774 378 1804 ram
402 1755 542 1817 ipsam
560 1789 573 1808 ‚
610 1752 642 1800 fi
673 1754 727 1800 ab
753 1752 881 1798 acido
912 1749 1051 1796 fuerit
1073 1748 1233 1795 soluta.
1306 1749 1376 1795 Sic
1404 1750 1554 1794 oleum
1583 1747 1637 1793 ab
1667 1764 1795 1793 acore
1822 1746 2038 1793 solutum.

413 1854 524 1901 Ahh.
542 1855 702 1900 ΙἘΡΕΕ
734 1853 970 1912 Institution
995 1849 1066 1896 des
1076 1848 1232 1907 Jburds
1254 1847 1312 1904 ἓξ
1337 1847 1407 1893 des
1435 1859 1566 1892 muets
1603 1846 1726 1892 Paris
1751 1852 1884 1903 1776.
1923 1843 2030 1892 12*
2096 1847 2206 1892 Non
2231 1844 2335 1904 satis

283 1920 464 1980 proprie
493 1918 584 1964 huc
618 1916 739 1962 facit.
838 1915 956 1961 Nam
999 1914 1194 1959 audioris
1233 1915 1367 1971 longe
1397 1912 1483 1957 alia
1527 1911 1581 1956 ab
1611 1912 1940 1956 AMMANIANA
1981 1908 2224 1956 methodus
2258 1910 2334 1956 est.

286 1985 446 2030 Certos
477 1998 553 2042 per
585 1980 730 2042 gestus
769 1978 888 2025 ideas
916 1977 1141 2038 exprimit.
1245 1975 1412 2024 Multis
1451 1985 1624 2035 pugnat
1658 1986 1817 2019 contra
1851 1974 2071 2033 linguam=
2091 1974 2335 2033 digitalem.

283 2047 340 2095 R.
365 2058 496 2106 putat
516 2045 631 2090 bene
656 2043 870 2103 exprimi,
906 2040 938 2087 fi
969 2057 1131 2101 aquam
1161 2041 1209 2086 in
1243 2057 1294 2086 os
1322 2039 1539 2099 receperis
1558 2072 1569 2091 ‚
1608 2035 1729 2097 quali
1756 2035 2024 2098 gargarisma
2046 2038 2302 2082 moliturus.

412 2146 646 2192 TELINGE
671 2158 791 2189 cours
823 2139 1161 2186 d’acoztchement
1188 2158 1236 2185 en
1250 2139 1395 2199 forme
1420 2138 1472 2185 de
1495 2135 1732 2196 catechifine
1770 2137 1892 2183 Paris
1916 2143 2049 2194 1776.
2086 2132 2193 2183 12.*
2245 2136 2337 2183 Ali-

280 2226 372 2272 qua
399 2222 607 2255 anatome
635 2208 675 2251 &
704 2203 920 2251 mensurae
954 2205 1120 2264 pelvis,
1160 2202 1292 2249 fetus.

407 2307 610 2359 VENM,
637 2304 851 2363 Chirurgi
883 2306 924 2349 Sc
944 2302 1113 2349 Medici
1135 2302 1352 2354 Helvetii,
1383 2299 1493 2363 Effai
1506 2301 1642 2359 Jurla
1655 2296 1863 2359 sante&
1873 2298 1954 2357 fiir
1974 2297 2234 2345 l'education
2251 2315 2335 2345 me..

278 2370 464 2418 ,dicinale
488 2370 558 2415 des
573 2370 683 2431 filles
714 2367 935 2414 Yverdon
961 2373 1094 2423 1776.
1123 2365 1199 2418 8.*
1265 2367 1336 2411 De
1361 2367 1479 2411 uteri
1506 2363 1672 2410 fabrica
1691 2398 1703 2418 ‚
1731 2364 1868 2411 venis
1909 2364 2033 2409 caecis
2059 2365 2330 2416 ASTRUC11‚

280 2434 339 2481 de
367 2432 495 2481 causa
523 2431 742 2480 menfium
761 2465 777 2486 ,
812 2431 864 2477 de
893 2429 1005 2476 fibra
1030 2427 1196 2483 solida,
1232 2429 1404 2490 rigida,
1444 2428 1595 2478 debili.

919 2563 956 2612 ξ.
994 2560 1047 2605 Μ
1059 2560 1096 2605 C
1109 2560 1147 2606 C
1158 2561 1202 2606 X
1217 2560 1255 2606 C
1268 2561 1288 2606 I
1300 2560 1358 2607 V.
1463 2561 1683 2607 Germani.

415 2676 622 2739 Christian
653 2674 771 2722 Frid.
796 2675 1000 2720 DANIEL
1023 2671 1308 2735 Ahhandlzmg
1332 2673 1437 2719 iiber
1457 2677 1547 2719 eine
1559 2670 1950 2731 fiebenmonatliche
1973 2670 2194 2731 besondere
2209 2672 2331 2732 Miss-

280 2741 441 2804 gehurt
477 2741 659 2801 Leipzig
687 2744 827 2796 1776.
856 2738 933 2791 8.*
999 2738 1132 2783 Hanc
1155 2735 1273 2782 fetus
1295 2735 1531 2782 monstrosi
1558 2735 1903 2796 descriptionem
1931 2751 2052 2780 anno
2083 2741 2216 2792 1765.
2250 2752 2331 2793 pu-

276 2817 374 2854 tem
410 2823 434 2851 a
468 2805 565 2852 filio
597 2803 684 2850 viri
714 2801 924 2862 scriptam
955 2799 1050 2847 effe.
1112 2846 1113 2849 ,
1142 2800 1279 2846 Fetus
1313 2799 1547 2860 acephalos
1581 2800 1715 2846 corde
1741 2800 1898 2851 nullo,
1934 2814 2050 2844 vena
2083 2799 2334 2844 umbilicali
2365 2819 2368 2821 >
2412 2817 2414 2819 ’
2466 2804 2475 2811 ‘

277 2884 438 2915 cavam
466 2869 657 2914 edente:
696 2866 869 2912 arteriis
896 2866 951 2911 ab
976 2874 1102 2911 aorta
1125 2865 1376 2910 nonnullis.
1443 2866 1582 2911 Hunc
1609 2862 1753 2910 fetum
1788 2860 1988 2908 defendit
2012 2875 2108 2906 non
2138 2861 2219 2907 effe
2242 2861 2332 2922 pri-

277 2932 562 2995 migenium,
594 2929 670 2979 sed
707 2930 763 2977 ab
794 2930 963 2990 injuria
987 2928 1147 2988 utique
1170 2939 1354 2974 externa
1382 2940 1558 2976 natum.
1641 2927 1735 2974 Cor
1772 2941 1870 2973 non
1902 2923 1983 2973 effe
2014 2926 2196 2974 unicam
2229 2941 2331 3035 esau-

2258 3004 2329 3036 am
