2531 3394
767 89 816 170 ς.
856 124 993 171 1003.
1061 107 1352 162 cL.·N1c.
1399 109 1486 158 La
1521 109 1675 160 CAT.
2145 125 2238 173 311

253 267 257 272 ’
323 247 478 296 Traeite‘
499 243 570 294 des
584 244 823 306 sensations
850 243 909 302 ἓξ
933 245 1004 292 fles
1017 243 1210 308 p-affiom
1238 240 1362 288 Paris
1383 245 1518 299 1767.
1545 237 1752 300 2.Vol.*,
1801 242 2019 293 Colleffio
2043 247 2241 296 diverso-

188 328 291 362 rum
315 313 598 358 libellorum:
651 324 686 360 1.
722 323 986 371 excerptum
1013 325 1069 354 ex
1100 308 1166 354 LE
1189 307 1340 352 CAT11
1374 304 1603 365 operibus.
1674 316 1716 352 2.
1755 306 1920 353 Oratio
1959 313 2012 356 de
2040 314 2238 360 utilitate

187 390 434 424 anatomes.
507 387 548 431 3.
592 376 662 421 De
702 375 908 435 partibus
942 371 1097 419 solidis
1129 370 1332 428 corporis
1369 369 1591 416 animalis.
1673 369 1946 418 Cellulosam
1980 372 2070 419 fere
2102 379 2238 424 telam

187 440 326 488 fibras
355 456 642 500 componere.
709 440 868 485 Iconcs
887 437 1048 496 aliquae
1074 431 1346 494 hypothesin
1374 435 1569 481 austoris
1600 434 1876 494 expressurae.
1942 448 1987 494 4.
2018 439 2086 483 De
2106 443 2240 498 parti..

189 505 273 552 bus
294 504 470 550 fluidis:
512 502 1116 565 globuliBoERHAAvau
1151 495 1354 545 refinosze
1367 498 1415 545 in
1438 495 1656 559 sanguine
1679 513 1844 560 partes.
1914 500 2049 546 Calor
2068 499 2242 562 sangui-

187 570 259 615 nis
280 568 341 614 est
367 568 558 615 fluidum
584 565 843 614 causticum.
926 563 1141 611 Fluidum
1176 563 1368 609 animale
1395 561 1684 616 senfitivum,
1721 564 1971 617 motivum,
2010 565 2244 615 conserva..

185 634 350 679 tivum.
419 635 596 679 Omnes
625 642 771 691 partes
799 629 1002 689 corporis
1030 628 1239 674 animalis
1264 624 1395 674 sensu
1420 627 1599 674 donata:
1628 626 1734 674 sunt
1764 629 1806 674 ὃς
1834 627 2077 688 phantasia.
2147 631 2246 690 Spi-

188 699 303 743 ritus
326 697 611 757 putredinem
633 710 658 739 a
683 709 869 752 corpore
890 704 1037 739 arcet:
1075 692 1222 738 oritur
1240 708 1295 737 ex
1319 699 1443 744 aere,
1481 693 1522 738 ὃς
1549 709 1624 753 per
1646 690 1987 752 respirationem
2009 694 2241 754 recipitur.

189 762 243 807 In
270 761 557 820 meningibus
582 756 702 804 sedes
731 756 793 802 est
818 757 981 802 animae
1012 759 1054 803 ἃ
1086 754 1251 802 sensus.
1321 756 1550 802 Glandula
1575 756 1635 801 est
1669 756 1775 803 finis
1797 758 1956 811 nervi,
1992 758 2072 818 qui
2101 756 2243 804 finem

188 826 362 871 arteriae
389 823 612 870 obvolvit.
681 822 876 880 Ganglia
906 822 1063 867 vicarii
1097 819 1205 866 sunt
1233 820 1427 872 cerebri,
1475 820 1701 879 glandulae
1725 822 2028 882 gangliorum.
2095 823 2243 868 Dolor

189 887 244 936 fit
270 905 294 934 a
318 887 475 948 spiritu
504 883 702 931 sensorio
736 902 790 930 ex
820 887 912 931 ic‘tu
937 883 1090 931 sensus
1119 884 1170 930 in
1195 898 1374 931 motum
1400 886 1622 938 excitato,
1660 901 1715 930 ex
1734 901 1826 945 quo
1858 884 2092 939 tumescit,
2131 883 2246 943 cras-

190 951 277 998 sior
302 951 379 1003 fit,
425 951 676 996 motorium
711 947 921 1009 spiritum
959 949 1108 995 reddit
1147 949 1355 995 inertem.
1436 949 1493 995 In
1531 949 1789 995 ventriculo
1819 950 2036 1010 gaudium
2064 948 2237 997 residet.

188 1017 321 1063 Putes
344 1015 440 1060 haee
465 1016 589 1075 prius
617 1013 896 1074 Rothomagi
929 1025 1063 1072 1739.
1095 1012 1327 1074 prodiill'e,
1365 1010 1439 1058 sed
1464 1029 1561 1058 eam
1589 1013 1838 1060 editionem
1861 1030 1958 1060 non
1982 1014 2094 1061 vidi.
2119 1056 2123 1059 ,

307 1098 484 1144 Tomus
507 1097 566 1142 II.
596 1095 655 1142 est
670 1109 730 1142 tr.
752 1094 824 1141 des
837 1095 950 1155 fens,
985 1096 1101 1142 nihil
1126 1107 1344 1148 mutatus,
1372 1093 1446 1141 sed
1466 1095 1647 1156 adjetstse
1669 1114 1912 1158 renmrques
1937 1094 1996 1153 ἓξ
2011 1095 2245 1151 additionr,

186 1164 236 1210 in
257 1163 422 1222 quibus
449 1162 571 1207 varia
597 1162 647 1206 in
671 1162 1074 1207 ILL.M12·KEL1UM
1095 1158 1281 1220 profert.
1351 1158 1518 1221 Aspera
1537 1161 1672 1206 nimis
1700 1159 1897 1207 defensio
1921 1161 2068 1208 iconis
2091 1160 2248 1208 baseos

188 1227 383 1280 cerebri,
432 1236 484 1271 ut
522 1241 694 1272 errores
732 1225 895 1285 partim
922 1223 1138 1284 sculptori
1164 1225 1347 1271 tribuat.
1440 1224 1611 1284 lnjuste
1632 1226 1682 1270 in
1705 1225 1883 1272 ZINNH
1917 1241 2127 1286 measque
2156 1227 2249 1272 ico-

189 1307 297 1343 nes,
332 1292 375 1336 &
403 1300 564 1349 praeter
586 1305 769 1335 omnem
797 1289 892 1335 veri
922 1287 1126 1350 speciem.
1194 1291 1442 1337 MEKELIO
1473 1305 1641 1336 novam
1678 1290 1872 1336 radicem
1898 1291 2029 1336 nervi
2053 1291 2250 1336 interco-

187 1354 307 1401 stalis
333 1353 384 1400 in
412 1353 550 1400 dudtu
589 1353 883 1414 pterygoideo
915 1367 1070 1400 natam
1099 1351 1329 1414 subripere
1359 1365 1518 1400 tentat.
1606 1355 1866 1401 Oculorum
1904 1357 2247 1415 congelatorum

187 1416 423 1464 mensurae.
493 1419 578 1464 Pro
603 1417 702 1464 sede
731 1416 856 1465 visus
886 1419 936 1464 in
958 1417 1219 1465 chorioidea
1243 1418 1412 1465 tunica.
1481 1418 1653 1464 Verum
1681 1435 1752 1465 eas
1777 1431 1921 1479 partes
1943 1419 2144 1479 corporis
2170 1434 2248 1464 au-

187 1485 283 1530 ctor
310 1499 545 1543 nunquam
572 1486 690 1529 re6te
711 1482 840 1528 vidit.
911 1484 1099 1530 Lentem
1119 1482 1420 1543 crystallinam
1445 1482 1498 1528 ab
1524 1481 1821 1529 exsiccatione
1849 1499 2102 1530 convexam
2119 1483 2169 1530 in
2188 1480 2250 1530 se-

187 1547 325 1594 nibus
350 1547 492 1600 reddi,
526 1549 655 1594 male.
726 1549 861 1594 Senes
884 1548 964 1608 qui
989 1564 1248 1594 convexum
1270 1548 1470 1594 vitreum
1495 1547 1778 1608 abjecerunt.

312 1634 375 1676 La
401 1628 557 1677 them-ie
581 1630 632 1676 de
657 1630 784 1677 l'ouie
804 1629 1068 1692 supplement
1092 1632 1117 1675 [ὲ
1141 1641 1206 1676 cet
1227 1629 1380 1676 article
1411 1629 1471 1675 du
1496 1633 1632 1676 traite'
1651 1629 1723 1676 des
1741 1630 1836 1688 fens
1871 1630 1992 1677 Paris
2013 1636 2146 1690 1767.
2170 1627 2250 1684 82?

189 1695 550 1742 CATIANORUM
580 1711 769 1755 operum
795 1696 929 1755 longe
963 1692 1400 1754 praestantiffimum,
1437 1695 1496 1740 ob
1522 1695 1707 1741 iconum
1740 1693 2019 1755 potiffimum
2051 1696 2251 1741 nitorem

191 1761 234 1805 &
261 1759 484 1819 parciores
520 1757 805 1819 hypotheses.
873 1759 985 1805 Non
1015 1758 1116 1804 ideo
1145 1757 1429 1805 subtilissima
1467 1758 1529 1805 est
1567 1771 1807 1812 anatome,
1847 1772 1901 1806 ut
1939 1760 2054 1805 male
2085 1759 2252 1806 viderit

189 1840 382 1869 nervum
406 1823 777 1884 pterygoideum:
823 1824 1017 1870 alterum
1044 1824 1099 1869 ad
1127 1823 1288 1869 duram
1314 1823 1625 1869 membranam
1658 1837 1870 1876 euntem,
1917 1822 1993 1870 sed
2016 1823 2168 1870 verius
2195 1824 2252 1868 ad

188 1904 383 1933 nervum
411 1887 577 1934 durum
604 1888 894 1941 tendentem,
930 1889 1123 1947 reperire
1148 1903 1245 1933 non
1277 1888 1491 1947 potuerit.
1561 1889 1765 1935 Nomina
1797 1889 2064 1948 plerumque
2087 1898 2252 1934 mutat.

189 1953 340 2062 Musa
370 1968 491 1999 nova
512 1964 645 2013 putat
675 1950 851 1999 dudum
876 1950 1132 2006 notissima,
1171 1963 1225 1999 ut
1248 1952 1523 1999 laxationem
1555 1953 1829 2000 membranae
1863 1952 2071 2014 tympani
2089 1951 2144 1998 ad
2161 1949 2251 1998 for-

191 2029 255 2063 tes
307 2032 438 2063 onos.

324 2103 456 2147 Cours
483 2098 634 2161 abre'ge
661 2098 923 2161 d'osteologie
957 2097 1237 2146 Amsterdam
1261 2105 1395 2157 1768.
1422 2097 1501 2153 8.*
1569 2100 1664 2146 Vix
1690 2100 1941 2161 quidquam
1974 2098 2148 2161 proprii
2178 2096 2254 2145 ha-

192 2162 293 2217 bet,
333 2176 493 2224 praeter
517 2163 845 2224 separationem
874 2161 1036 2210 offium
1063 2162 1193 2209 faciei
1221 2163 1277 2209 ab
1305 2162 1475 2211 ollibus
1507 2166 1700 2211 maxillae
1727 2164 1989 2226 superioris.

326 2250 426 2294 Vita
456 2251 501 2292 in
525 2250 683 2300 Journ.
712 2246 782 2292 des
813 2249 919 2293 Sav.
951 2245 1058 2291 edit.
1083 2246 1205 2305 Belg.
1237 2252 1369 2303 1769.
1396 2246 1524 2293 Febr.
1559 2247 1725 2293 Rouen
1749 2253 1886 2306 1769.
1926 2248 1968 2293 &
1997 2262 2023 2293 a
2052 2245 2254 2292 VALEN-

194 2322 320 2356 Tmo
344 2308 504 2370 scripta
529 2312 653 2372 Eloge
680 2309 904 2371 historique
943 2310 1065 2356 Paris
1091 2317 1224 2368 1769.
1254 2309 1334 2364 8.*
1400 2310 1615 2371 Elogium
1653 2312 1703 2358 in
1730 2329 1823 2372 quo
1852 2312 1989 2359 etiam
2006 2310 2081 2356 ’1111
2111 2311 2254 2356 vieto-2

188 2374 256 2420 ria
286 2387 344 2420 LE
364 2374 530 2422 CATIO
556 2374 828 2429 decernitur,
851 2375 932 2421 ubi
955 2386 1078 2421 certo
1096 2390 1272 2427 verum,
1300 2391 1325 2421 a
1344 2371 1387 2421 se
1413 2374 1670 2436 adgnitum,
1714 2378 1772 2422 ob
1789 2373 2063 2438 hypothesin
2086 2371 2250 2435 preffit.

320 2456 377 2502 In
405 2457 511 2516 Hzst.
538 2455 589 2501 de
610 2456 781 2502 l’Acad.
814 2456 886 2502 des
917 2461 1075 2503 Scienc.
1102 2468 1237 2514 1739.
1272 2456 1582 2504 membranam
1616 2474 1785 2505 novam
1821 2457 1992 2506 fuscam
2030 2455 2251 2506 ostendit,

194 2536 295 2581 quae
315 2519 594 2566 scleroticam
615 2521 810 2573 oblinit3
846 2521 1129 2567 membranas
1153 2521 1276 2566 oculi
1299 2532 1451 2567 tamen
1468 2521 1523 2568 ab
1541 2523 1695 2583 optico
1722 2540 1863 2570 nervo
1888 2524 2086 2570 deducit.

322 2603 393 2648 De
424 2603 602 2662 polypis
629 2602 804 2661 aliquid
827 2599 996 2662 scripsit
1019 2602 1068 2648 in
1096 2600 1308 2662 Lipsienfi
1336 2604 1619 2664 promtuario
1642 2605 1819 2668 Allgem.
1848 2610 2059 2668 Magazin
2089 2603 2143 2649 T.
2168 2599 2253 2649 HL

193 2665 427 2719 recusum,
464 2667 588 2727 quod
620 2666 737 2712 nihil
761 2667 969 2713 continet
999 2667 1186 2728 proprii.

321 2749 377 2794 In
412 2746 521 2795 Phil.
564 2749 718 2809 Trans.
760 2766 805 2796 n.
833 2755 942 2809 460.
977 2747 1143 2811 figuras
1175 2749 1299 2798 dedit
1333 2749 1573 2800 foraminis
1608 2752 1751 2801 ovalis
1788 2753 1838 2800 in
1872 2750 2026 2797 adulto
2067 2746 2254 2796 homine

199 2811 357 2870 pervii.
425 2814 586 2860 Motus
609 2813 1020 2875 antiperistalticus.

325 2893 388 2939 N.
408 2900 516 2952 489.
553 2895 607 2941 de
629 2897 785 2944 vitulis
813 2897 1036 2946 connatis.
1104 2896 1251 2946 Venae
1275 2898 1555 2948 umbilicales
1586 2899 1685 2946 duae
1716 2914 1795 2959 per
1820 2898 2021 2945 canalem
2055 2910 2259 2943 commu<-

202 2968 310 3001 nem
336 2958 606 3019 conjunctae.

2060 3031 2121 3081 N.
2144 3038 2254 3089 491·
