2531 3394
493 107 533 160 §-
575 115 708 167 1153.
751 113 918 165 1154..
955 102 1532 182 LEDERMULLER.
1602 105 1995 158 R.MART1N.
2164 121 2264 182 §¹1⁹

351 233 529 299 Roland
554 235 775 283 MARTiN
814 252 881 283 om
917 235 969 283 de
990 234 1195 300 grantsbr
1207 234 1299 294 sbm
1331 236 1526 300 naturlig
1560 234 1759 302 bimghed
1778 238 1900 297 sjmes
1935 238 2081 301 haftam
2114 239 2273 301 utstakt

222 298 391 347 emellan
414 299 595 345 medicin
619 297 693 346 och
730 299 943 364 chirurgie
977 298 1218 348 Stokholm
1251 307 1386 358 1756.
1413 306 1456 354 8.
1524 300 1596 348 Ad
1622 299 1853 348 historiam
1886 315 2146 351 anatomes:
2184 305 2274 365 ple-

206 377 359 423 -taque
384 363 574 410 inventa
602 362 676 410 hic
705 362 786 410 effe
813 365 1105 410 medicorum.

310 436 315 437 ⁷
349 444 425 506 EJ.
469 445 519 491 in
543 443 737 504 Swenska
767 427 1033 505 Weteizfhap.
1059 442 1195 490 Acad.
1225 443 1507 507 Handl1'ngar
1534 453 1673 504 «1758.
1705 446 1751 493 P.
1769 458 1808 503 3.
1837 445 1891 493 de
1916 447 2068 495 vesicae
2088 466 2274 498 evacua-

224 507 365 555 tione.
435 510 554 555 Cum
586 507 807 567 Francisco
830 514 1096 555 Nrcuotts
1126 505 1262 554 sentit
1288 509 1342 554 de
1373 510 1663 569 pyramidalis
1690 509 1882 557 musculi
1907 510 2076 559 officio.

351 591 584 651 EJUSDEM
620 607 685 636 os·
718 587 926 650 atskilliga
953 588 1048 647 siitt
1076 590 1188 635 atler
1216 590 1374 651 upodla
1409 602 1634 636 anatomen
1673 596 1689 636 i
1718 591 1848 638 dldra
1881 592 1954 640 och
1982 609 2128 655 yngra
2161 594 2277 640 tider

224 652 467 703 Stokholm
492 667 626 711 1759.
653 658 726 706 8.*
771 652 970 699 Historia
997 665 1256 699 anatomes:
1294 654 1446 700 laudes
1467 653 1712 700 incisorum
1737 671 2032 715 nuperorum,
2068 656 2276 710 ALB'IN'l,

225 721 437 770 aliorum.
504 717 574 763 Ad
602 716 871 775 injectiones
909 716 1210 777 penetrabiles
1245 715 1561 764 sandaracham
1600 719 1916 774 commendat,
1948 721 2006 768 ad
2036 718 2189 767 crassas
2211 736 2280 767 re-

223 780 364 830 finam
387 796 491 828 cum
507 795 616 827 cerae
639 779 844 826 dimidio.

359 864 436 923 EJ.
488 861 556 907 tal
579 877 645 907 om
671 878 849 908 nervers
871 861 1071 909 almiinna
1096 862 1344 924 egenskaper
1365 866 1381 908 i
1401 860 1673 923 miinniskans
1697 862 1833 925 kropp
1869 862 2028 911 Stokh.
2047 871 2183 923 1763.
2207 865 2282 919 8.*

227 927 346 990 Justi
368 925 617 973 voluminis
646 926 770 972 liber.
840 926 908 971 Ex
933 926 1065 972 bonis
1090 925 1296 973 fontibus
1323 925 1484 972 hausit.
1552 928 1762 973 Nervum
1787 927 2032 974 humidum
2068 927 2150 975 effe
2175 945 2285 975 con-

230 992 464 1038 ductorem
490 989 690 1035 materiae
714 989 954 1036 cleonice&
983 1002 1037 1035 ut
1072 988 1262 1036 sericeus
1293 988 1527 1036 funiculus
1548 990 1770 1037 madidus.
1821 1013 1825 1015 >
1858 992 2011 1039 Siccus
2039 990 2280 1039 tranfitum

225 1056 328 1115 ejus
347 1054 544 1100 materiae
569 1065 788 1098 moratur.
857 1052 1129 1098 Irritabilem
1176 1068 1386 1099 naturam
1419 1070 1443 1099 a
1479 1051 1701 1100 sentiente
1733 1053 1986 1115 distinguit.
2065 1056 2282 1103 Retinam

231 1119 431 1166 tunicam
460 1117 515 1163 ad
542 1118 710 1162 lentem
737 1114 1038 1174 crystallinam
1061 1114 1202 1176 usque
1236 1117 1391 1176 venire
1419 1128 1568 1177 negat.
1638 1120 1676 1164 A
1699 1119 1937 1177 temporali
1959 1134 2086 1166 ramo
2114 1120 2285 1177 Qinti

231 1198 336 1229 eum
355 1196 547 1227 nervum
570 1177 844 1239 proveniffe,
883 1195 1017 1238 quem
1052 1178 1167 1226 solet
1196 1180 1424 1240 Septimus
1454 1180 1509 1225 ad
1530 1193 1734 1241 tempora
1759 1181 1903 1227 edere.

357 1264 411 1309 In
428 1261 518 1310 Vol.
535 1260 739 1307 XXVII.
771 1259 983 1313 ostendit,
1011 1259 1100 1306 offa
1122 1262 1427 1310 aTIBURTlo
1452 1277 1534 1322 pro
1554 1262 1776 1323 giganteis
1797 1261 1953 1310 habita
1974 1262 2176 1311 hominis
2203 1260 2285 1311 effe

229 1342 326 1374 non
357 1325 603 1387 proceriori
637 1322 805 1384 septem
836 1324 1040 1383 pedibus.

359 1407 415 1454 In
451 1406 541 1454 Vol.
563 1406 793 1452 XXVIII.
818 1406 863 1452 P.
879 1418 923 1464 4.
960 1406 1014 1451 de
1046 1404 1214 1453 offibus
1251 1405 1371 1454 fetus
1414 1422 1492 1467 per
1523 1422 1692 1456 novem
1728 1406 1860 1455 annis
1885 1409 2103 1464 retentis,
2140 1412 2182 1458 &
2207 1426 2288 1472 per

233 1470 354 1518 uteri
384 1469 547 1516 ostium
577 1470 765 1516 eductis.

364 1553 420 1598 In
438 1551 525 1599 Vol.
546 1551 729 1597 XXIX.
761 1551 808 1597 P.
828 1562 874 1602 2.
910 1551 1087 1597 Arteria
1112 1563 1240 1599 aorta
1267 1552 1321 1599 ab
1346 1550 1544 1615 Adolpho
1556 1528 1783 1602 MURRAY¹
1809 1556 2003 1616 repleta:
2034 1556 2154 1603 uteri
2173 1569 2288 1604 arte-

233 1618 310 1664 riae
338 1615 393 1662 ad
414 1617 662 1675 placentam
691 1612 834 1674 usque
863 1631 963 1661 cera
993 1616 1150 1675 plenae.
1220 1617 1571 1663 Communicare
1598 1617 1714 1671 vasa,
1747 1617 1864 1666 forte
1893 1635 1990 1665 non
2008 1620 2161 1674 rubra,
2196 1636 2288 1667 ma-

234 1681 316 1729 tris
344 1696 446 1726 cum
469 1677 586 1725 fetus
611 1677 738 1725 vasis.
807 1680 920 1725 Non
950 1691 1082 1739 putat
1109 1681 1180 1726 vir
1205 1681 1276 1726 Cl.
1304 1679 1450 1727 fetum
1476 1679 1519 1727 se
1550 1697 1770 1729 cernuum
1795 1683 1912 1729 dare.

372 1759 577 1820 Chrzstian
604 1760 741 1821 JAHN
779 1757 1078 1821 hochstnothige
1116 1760 1249 1808 Lehre
1279 1779 1365 1809 von
1403 1762 1498 1808 dem
1535 1761 1762 1822 Alenschen
1810 1761 2014 1809 Dresden
2038 1770 2171 1821 1756.
2208 1763 2290 1818 8.*

236 1825 372 1872 Liber
394 1824 621 1876 vetustus,
653 1840 745 1883 quo
783 1823 898 1869 nihil
925 1825 1144 1878 traditur,
1184 1826 1308 1885 quod
1348 1842 1442 1872 non
1482 1825 1565 1873 sub
1608 1826 1745 1873 finem
1778 1828 1940 1887 prioris
1966 1825 2105 1874 seculi
2129 1830 2290 1875 inven-

238 1902 341 1935 tum
372 1886 453 1934 fit:
497 1890 653 1933 auctor
674 1899 890 1934 caeterum
919 1888 1268 1935 HOFMANNUM
1296 1890 1489 1936 audivit.
1557 1892 1760 1937 Nomina
1794 1888 1944 1950 paffim
1973 1904 2211 1951 corrupta,
2247 1894 2291 1937 δε

239 1950 431 2011 analyfis
454 1952 600 1998 urinae
627 1949 926 2010 impossibilis,
995 1953 1374 2013 Temperamenta
1400 1969 1423 1999 a
1449 1954 1595 2000 cordis
1621 1955 1963 2016 magnitudine,
2003 1957 2045 2001 &
2080 1954 2291 2002 vasorum

242 2016 463 2062 diametro
488 2015 680 2076 repetita
707 2016 789 2061 διο.

366 2100 412 2150 J.
440 2095 560 2142 Frid.
588 2096 759 2142 RUBEL
791 2093 1106 2159 Abhandlung‚
1142 2102 1223 2144 wie
1247 2115 1349 2145 man
1374 2116 1450 2146 aus
1478 2098 1570 2146 dem
1604 2103 1712 2148 Urin
1740 2097 1932 2161 Schweiss
1955 2099 2047 2147 und
2061 2097 2293 2163 Stuhlgang

219 2158 539 2218 -urtheilensoll
574 2158 814 2220 Augspurg
840 2166 976 2218 1756.
1014 2167 1055 2215 8.
1094 2163 1347 2209 BOECLER.

371 2239 664 2302 Abhandlung
687 2257 772 2287 von
800 2240 879 2287 den
903 2244 1110 2304 Fingerm
1146 2243 1248 2290 dero
1280 2241 1611 2306 Verrichtungen
1642 2262 1685 2291 u.
1700 2245 1738 2305 s.
1752 2245 1791 2307 f.
1830 2246 1979 2306 Leipz.
2002 2254 2135 2305 1756.
2161 2253 2202 2300 8.

375 2320 556 2382 Philipp.
579 2321 736 2369 PFAFF
765 2321 1056 2387 Abhandlung
1082 2342 1167 2372 von
1187 2324 1268 2371 den
1291 2323 1462 2370 szmen
1484 2326 1553 2372 des
1577 2325 1867 2384 menschlichen
1893 2333 2089 2390 Karpers,
2120 2327 2210 2374 und
2226 2327 2295 2373 de-

244 2402 322 2433 ren
344 2384 634 2431 Krankheiten
667 2386 817 2431 Berlin
837 2393 972 2444 1756.
999 2392 1073 2441 8.*
1138 2390 1362 2435 Dentium
1390 2403 1631 2436 anatomen
1660 2391 1770 2438 dicit
1792 2393 1832 2438 ἃ
1863 2391 2178 2438 dentitionem.
2239 2391 2295 2436 ln

246 2449 402 2510 primis
430 2448 927 2521 dentibus-mucrones·
947 2452 1087 2512 aliqui
1110 2453 1312 2498 radicum
1341 2454 1535 2515 analogi.
1605 2455 1714 2501 Duo
1749 2456 1799 2502 in
1822 2453 2161 2516 septuagenario
2190 2454 2292 2499 den-

248 2525 315 2558 tes
344 2523 593 2572 eruperunt
614 2526 750 2557 nimls
779 2528 946 2573 magni.

384 2592 609 2652 Francesco
634 2592 786 2639 BON81
825 2593 874 2639 in
905 2593 1146 2656 compendio
1171 2593 1507 2660 hipposteologico
1528 2589 1698 2660 Jiffephi
1723 2602 1906 2646 Antonii
1929 2599 2236 2646 VENTUR1N1
2272 2614 2297 2644 a

250 2657 321 2704 Cl.
346 2657 591 2703 BATARRA
622 2657 859 2702 nonnullis
885 2655 1042 2718 figuris
1068 2662 1199 2706 aucto
1230 2661 1406 2707 Rimini
1431 2669 1552 2720 1756
1561 2704 1565 2709 ,
1597 2661 1676 2717 8.*
1738 2664 1843 2710 Offa
1875 2661 2143 2710 sesamoidea
2180 2664 2298 2709 recte

250 2719 453 2768 definita.
520 2720 866 2766 VENTURINUS
889 2721 1160 2781 periosteum
1185 2737 1318 2772 vocat
1337 2723 1559 2773 insensile.

379 2804 427 2856 J.
451 2804 597 2847 Pietro
619 2801 905 2849 CAVAzlel
934 2803 1187 2852 ZANOTT1
1211 2811 1488 2853 avet-timenti
1510 2820 1594 2869 per
1616 2809 1655 2854 lo
1681 2812 2032 2855 incaminamento
2056 2807 2103 2855 di
2130 2825 2186 2854 un
2209 2810 2302 2869 gio-

252 2881 363 2910 vane
385 2864 466 2911 alla
479 2869 653 2926 pittura
686 2866 894 2925 Bologna
918 2874 1057 2924 1756.
1080 2873 1123 2921 8.
1190 2870 1260 2916 De
1286 2871 1485 2919 utilitate
1510 2883 1740 2919 anatomes
1769 2873 1819 2921 in
1837 2872 2025 2932 pictura·
2095 2873 2302 2919 Multum

256 2942 309 2975 ea
335 2925 467 2978 usum
498 2926 578 2978 effe
605 2929 678 2984 M.
703 2935 964 2980 ANGELUM
991 2932 1034 2978 &
1052 2930 1390 2990 Rufinam.

1991 2996 2040 3056 ς.
2079 2996 2301 3048 MCLV.
