2531 3394
276 125 374 182 324
684 119 815 170 mn.
856 95 959 168 rx
1011 111 1428 176 *ANATOMES
1474 107 1915 166 PERFEch,

405 251 506 315 obs:
534 264 638 311 131.
668 254 762 301 ‘Lac
787 253 837 299 in
862 247 1068 298 mammis
1094 263 1240 325 nuper
1266 247 1377 294 nati.

411 335 507 396 obs.
532 347 632 393 133.
674 334 868 382 Gemelli
898 330 1167 392 coccygibus
1191 328 1395 378 connati.

401 419 629 467 Incomm.
645 421 731 463 Lit.
748 421 862 464 Nor.
885 425 1008 472 1740
1035 410 1155 459 hebd.
1175 422 1249 471 50.
1269 423 1540 473 praematura
1552 407 1692 458 fontis
1706 407 2125 471 pulsatilisabolitio
2139 407 2326 458 funesta.

404 501 464 549 In
489 499 608 547 hebd.
632 512 702 555 19.
736 498 790 544 de
815 496 1027 544 Krete-1111
1054 492 1271 541 cadavere
1298 494 1377 542 diu
1400 495 1667 554 incorrupto
1696 494 1738 540 δε
1758 491 1961 543 sudante.

407 584 464 629 In
490 581 675 640 MiscelL
714 579 896 627 Berolin.
935 578 991 624 T.
1005 576 1065 623 V.
1095 594 1132 623 a.
1167 588 1304 635 1740.
1339 580 1386 631 J.
1413 576 1605 624 Hem-ich
1629 576 1801 629 POTT,
1847 575 2032 622 celebris
2065 573 2326 630 chemicus.

278 647 459 695 aeidum
482 644 727 692 humorum
746 639 1012 689 animalium
1039 642 1315 688 elementum
1342 639 1598 687 confirmat.

324 779 330 784 ,
405 728 487 787 Ἐ].
531 723 820 784 Ablmndlung
847 739 946 769 vom
965 722 1208 782 sonderbar
1242 721 1639 783 Feuerbestc't'ndigen
1677 719 1770 768 und
1794 710 2089 785 zartflz'cssigen
2130 719 2332 781 Urinsalz

276 792 429 841 Berlin
452 803 588 849 1757.
608 793 681 849 4*
708 789 834 834 bona
859 788 1169 847 experimenta
1195 786 1250 832 ad
1275 784 1337 832 sal
1359 784 1487 832 fufile
1509 786 1627 832 lotii.

410 874 466 919 In
494 876 655 920 Contin.
682 870 765 916 VI.
796 867 975 927 Miscell.
998 868 1182 915 Berolin.
1210 866 1455 915 Theodorus
1478 868 1773 920 SPROEGEL,
1809 866 1994 914 celebris
2017 866 2234 920 medicus
2264 882 2334 913 re-

273 935 365 984 fert
388 936 443 983 de
471 935 657 983 homine
680 932 846 993 absque
870 934 1109 978 oculorum
1130 930 1216 978 usu
1240 946 1347 977 nato
1362 949 1375 982 ;
1411 933 1490 990 qui
1515 930 1722 977 restituto
1748 930 1863 983 visu,
1900 947 2003 977 cum
2033 931 2332 977 admiratione

276 1001 432 1048 vivida
454 1002 607 1047 omnia
629 1014 817 1058 corpora
836 995 1165 1058 distinguebat,
1198 998 1373 1045 colores
1400 994 1634 1042 dividebat
1655 998 1706 1042 in
1732 993 1947 1042 obscuros
1973 997 2014 1042 ἃ
2033 996 2229 1049 vividos,
2265 995 2332 1041 di-

274 1064 460 1112 stantias
487 1064 743 1111 aestimabat„

407 1148 462 1194 In
491 1147 545 1193 T.
562 1146 670 1191 XII.
702 1148 928 1192 Commeat.
955 1143 1092 1190 Acad.
1119 1146 1291 1204 Petrop.
1322 1139 1549 1202 spectante
1581 1139 1636 1187 ad
1670 1157 1708 1188 a.
1736 1152 1872 1200 1740.
1898 1140 1940 1202 J.
1961 1141 2013 1187 C.
2031 1141 2228 1190 WJLDE
2250 1141 2333 1189 ali-

277 1228 390 1273 quas
423 1209 759 1256 observationes
786 1210 1062 1255 anat-omicas
1094 1223 1198 1253 cum
1233 1207 1474 1252 Academia
1503 1206 1873 1252 communicavit.
1959 1205 2091 1251 Vena
2119 1223 2228 1253 cava
2257 1205 2333 1253 ad-

276 1276 492 1323 scendens
509 1273 690 1333 duplex.
757 1272 1131 1333 Venaejugularis
1150 1283 1346 1316 externae
1371 1268 1510 1316 lusus·
1578 1270 1764 1328 Duplex
1782 1285 1899 1316 vena
1920 1267 2012 1315 sine
2029 1270 2139 1329 pari.
2205 1268 2334 1317 Muss-

278 1341 408 1387 culus
449 1336 613 1384 adfinis
649 1339 770 1383 recto
805 1336 1022 1397 pectorali
1050 1347 1273 1382 veterum.
1339 1333 1605 1380 Tendinum
1645 1331 1935 1381 extensorum
1963 1349 2125 1380 manus
2160 1334 2333 1383 nimius

275 1419 524 1513 numerus.s
600 1399 925 1463 Appendiculae
960 1400 1272 1448 vermicularis
1303 1398 1432 1461 gyri,
1472 1413 1581 1444 ⁴curn
1613 1398 1798 1445 valvula
1834 1398 1885 1445 in
1927 1397 2024 1458 ejus
2063 1396 2329 1447 insertione.

275 1466 394 1515 Vasa
416 1484 493 1528 cap
517 1466 673 1513 ularia.

397 1550 456 1596 In
484 1549 581 1596 Aa.
612 1552 704 1596 Soc.
738 1550 824 1594 Lit.
856 1546 996 1609 Upsal.
1030 1557 1165 1606 1740.
1188 1546 1264 1605 4.*
1311 1549 1509 1593 Herman
1541 1542 1762 1593 Dieterich
1794 1546 2015 1594 S-PbRING
2045 1544 2216 1592 bonam
2254 1531 2331 1592 dat

273 1624 524 1661 ⁴anatomen
545 1613 683 1660 vituli
704 1612 898 1659 bicollis.
1967 1635 1970 1638 Δ

407 1699 545 1742 Nova
561 1694 796 1742 Academia
810 1698 964 1742 Scient.
987 1696 1160 1741 Suecica
1184 1707 1307 1738 anno
1329 1702 1462 1751 1740.
1500 1692 1698 1752 primum
1721 1702 1899 1738 tomum
1917 1689 2104 1740 suorum
2126 1690 2333 1739 laborum

273 1757 312 1808 f.
335 1757 601 1821 handlingar
628 1758 794 1813 edidit,
829 1761 880 1804 in
907 1774 999 1818 quo
1024 1756 1234 1817 equidem
1260 1754 1377 1803 nihil
1409 1755 1470 1802 est
1491 1755 1738 1802 anatomici
1758 1757 2028 1817 argumenti.

404 1843 463 1888 In
488 1845 643 1896 Journ.
669 1840 740 1887 des
765 1841 867 1888 Sav.
897 1844 967 1886 M.
989 1837 1219 1901 Septembr.
1251 1839 1293 1884 ὃς
1326 1838 1413 1885 Οέἶ.
1444 1839 1668 1896 reperitur
1698 1834 1790 1898 diff
1809 1837 1918 1883 dans
1942 1836 2116 1899 laquelle
2151 1854 2204 1885 on
2233 1855 2333 1885 exa-

276 1909 388 1953 mine
417 1906 474 1951 les
493 1917 675 1966 preuves
685 1904 766 1963 sur
795 1904 1002 1966 lesquelles
1033 1904 1070 1949 le
1090 1907 1138 1949 P.
1166 1903 1397 1949 BERTIER
1423 1901 1573 1947 etahlit
1591 1903 1629 1947 le
1648 1900 1817 1963 pafflvge
1844 1902 1897 1948 de
1930 1902 2030 1948 l’air
2055 1902 2107 1947 cle
2134 1902 2177 1948 la
2202 1902 2333 1964 respi-

276 1974 428 2017 ration
458 1969 564 2014 dans
595 1970 634 2015 le
654 1968 777 2031 sang.
846 1971 1120 2027 Anonymus
1155 1983 1257 2013 eum
1284 1964 1522 2012 transitum
1551 1966 1696 2024 rejicit
1714 1984 1728 2018 3
1774 1978 1909 2026 negat
1935 1974 2081 2011 aerem
2113 1982 2168 2012 ex
2193 1966 2333 2012 bron-

276 2032 392 2080 chiis
417 2033 466 2078 in
484 2031 621 2092 spatia
634 2032 975 2079 interlobularia
990 2032 1071 2077 ire.
1137 2028 1417 2077 Denfitatem
1445 2028 1679 2090 sanguinis
1705 2028 1904 2076 arteriofi
1924 2046 2020 2075 non
2042 2028 2122 2078 effe
2140 2030 2196 2077 ab
2214 2036 2329 2079 aere.

278 2097 549 2146 Pulmonem
574 2096 688 2143 bene
709 2097 920 2145 inflatum
946 2110 1126 2143 manere
1151 2094 1399 2142 distentum
1419 2128 1433 2149 ,
1471 2094 1606 2141 etiam
1627 2095 1677 2141 in
1703 2092 1847 2155 spatio
1872 2109 2034 2143 vacum

802 2230 842 2282 §-
883 2225 1069 2275 MXV.
1165 2224 1329 2288 Clifton
1355 2225 1817 2279 eramonam,

425 2330 513 2378 Vir
550 2330 674 2377 acuti
703 2330 910 2391 ingenii,
949 2329 1122 2390 Regius
1157 2330 1483 2376 Britannorum
1527 2329 1777 2383 archiater,
1821 2327 2332 2391 Jatromathemathicus

278 2397 325 2444 δι
358 2395 680 2456 experimentis
712 2392 902 2440 feliciter
943 2392 1091 2446 usust,
1139 2406 1274 2454 atque
1312 2394 1570 2440 ratiocinio.
1662 2395 1782 2454 EJus
1817 2395 2125 2456 experimenta!
2161 2399 2333 2455 inquiry

277 2463 335 2509 on
346 2460 460 2520 mee
481 2470 608 2520 parts
630 2457 683 2518 of
700 2456 768 2504 the
793 2458 956 2504 animal
964 2458 1179 2518 stru-&ure
1211 2458 1380 2518 prodiit
1409 2458 1605 2506 London
1631 2470 1764 2516 1740.
1805 2462 1879 2512 8.*
1946 2459 2141 2505 Arterias
2174 2473 2332 2504 venas-

278 2540 368 2585 que
396 2524 630 2570 variorum
657 2521 924 2569 animalium
947 2524 1152 2568 accurate
1174 2519 1403 2570 dimensus
1420 2556 1432 2576 ‚
1468 2521 1663 2583 impulso
1693 2522 1875 2568 demum
1895 2529 1992 2568 aere
2019 2519 2215 2573 diffidit,
2255 2535 2332 2566 cu-

276 2588 352 2649 jus
376 2587 557 2647 pondus
582 2586 753 2632 calculo
786 2585 1053 2645 exploravit.
1132 2585 1200 2632 Ita
1228 2585 1459 2639 constitit,
1507 2589 1690 2636 arterias
1721 2586 1771 2632 in
1807 2584 2071 2632 universum
2108 2600 2190 2644 pro
2227 2599 2331 2643 por-

278 2652 407 2698 tione
433 2648 640 2698 craffitiei
670 2649 929 2696 tunicarum
959 2646 1133 2694 facilius
1164 2651 1338 2710 rumpi,
1378 2666 1514 2697 venas
1549 2651 1753 2697 tenacius
1790 2648 1998 2696 resistere.
2067 2649 2189 2694 Inter
2217 2659 2330 2693 arte-

277 2715 391 2768 rias,
428 2731 527 2768 eas,
564 2730 664 2774 quae
690 2728 859 2774 organa
879 2709 1115 2771 secretoria
1139 2712 1306 2759 adeunt
1321 2732 1334 2765 3
1379 2715 1500 2760 inter
1526 2730 1664 2760 venas
1691 2730 1785 2759 eam
1805 2747 1818 2766 ‚
1866 2729 1968 2772 quae
1993 2713 2048 2757 ad
2078 2721 2228 2771 portas
2257 2711 2296 2758 it
2313 2745 2328 2765 2

280 2776 475 2837 impulso
514 2778 607 2824 a'e'ri
643 2778 876 2838 potentius
912 2773 1133 2828 resistere,
1176 2775 1337 2822 deinde
1374 2793 1511 2824 venas
1550 2775 1830 2823 musculares.
1918 2776 2115 2821 Arterias
2154 2773 2330 2822 muscu-

279 2841 430 2887 lorum
459 2842 630 2905 ubique
653 2840 878 2888 firmiores
902 2838 999 2885 else.
1066 2840 1234 2885 Ramos
1258 2840 1427 2901 ubique
1450 2841 1623 2887 truncis
1643 2839 1732 2887 suis
1761 2838 1842 2886 effe
1869 2838 2119 2885 validiores.
2188 2840 2329 2886 Porro

278 2904 468 2950 arterias
496 2906 612 2952 uteri
640 2904 721 2952 esse
744 2904 940 2965 majores
966 2904 1009 2949 &
1037 2901 1303 2956 debiliores,
1337 2920 1473 2950 venas
1504 2905 1552 2949 in
1581 2903 1761 2951 feminis
1791 2903 1988 2948 minores
2017 2904 2057 2949 &
2094 2903 2327 2957 duriores,

281 2967 406 3018 unde
435 2968 672 3031 propensio
709 2969 766 3018 ad
797 2967 1126 3033 stagnationem
1162 2964 1397 3031 sanguinis
1433 2968 1485 3017 in
1523 2979 1672 3018 utero,
1751 2968 1896 3017 Pauca
1931 2964 2029 3016 haec
2061 2984 2116 3016 ex
2153 2969 2328 3016 multis,
2404 3021 2407 3027 s

2257 3034 2330 3080 De
