2531 3394
294 126 386 191 ςιέ·
674 115 813 175 ι’Ῑ-Β.
839 114 959 176 ³131.
1006 106 1465 174 'ANATOMES
1492 90 1970 180 emeseno.
2005 126 2010 154 ²=
2074 109 2093 114 ”

289 256 703 321 scopicam'seripta
721 257 923 306 fuerunt.
991 256 1278 304 Vermiculos
1304 250 1542 302 seminales
1572 251 1765 314 simplici
1793 253 2101 315 microscopio·
2118 251 2250 302 facile
2274 253 2342 302 di-

291 324 486 385 stingui,
522 339 620 371 non
644 340 754 370 vero
779 324 829 369 in
853 323 1017 369 tubulo
1052 320 1201 366 vitreo
1237 315 1412 365 ostendi
1447 316 1577 380 poffe.
1649 317 1791 374 Qod
1815 318 1884 364 Cl.
1909 322 2070 366 Ascua
2103 320 2253 366 nullas
2286 319 2341 365 in

291 387 365 435 his
396 387 656 435 vermiculis
691 387 854 434 caudas
889 384 1128 445 repererit,
1164 383 1328 429 tribuit
1358 380 1653 443 microscopio
1684 397 1781 427 non
1819 378 1925 427 satis
1959 384 2159 442 augenti.
2225 382 2342 430 Non

294 468 454 498 omnes
479 452 636 498 oeulos
657 449 774 511 poffe
791 449 870 496 has
889 447 1051 495 caudas
1075 445 1361 506 distinguere.
1431 449 1542 494 Suas
1570 447 1714 492 lentes
1739 445 1794 491 ad
1823 446 2043 505 320plum
2067 447 2342 493 diametrum

294 531 487 576 augere3
540 518 1096 561 LeeuwennoecalANA
1133 510 1252 556 vitra
1285 511 1433 556 multo
1479 507 1710 556 obtusiora
1745 506 1870 556 fuiffe
1890 526 1902 559 ς
1947 506 2022 553 sed
2051 524 2156 554 eum
2189 510 2342 556 virum

295 577 643 638 microscopium
668 576 809 623 solare
836 592 928 621 non
968 572 1201 636 ignorasse.
1269 574 1439 619 Nullos
1469 573 1565 618 dari
1587 574 1639 622 in
1677 588 1864 631 corpore
1899 573 2025 618 luteo
2055 570 2340 619 vermiculos.

293 640 551 690 Mensulam
582 641 637 686 ad
665 638 1002 698 microscopicas
1028 652 1241 684 ranarum
1260 637 1671 696 contemplationes
1694 647 1889 695 aptatam
1914 633 2137 682 describit.
2208 634 2348 681 Varia·

296 712 352 753 ex
377 707 680 753 MALmGfflo
697 737 709 756 ,
745 703 861 749 aliis.

422 788 497 847 EJ.
550 781 898 844 Microscopische
940 780 1169 831 Gemie‘ths-
1195 781 1287 828 und
1330 782 1768 842 Augenergbtzungen
1816 779 2064 840 Ni'irnberg
2092 786 2226 837 1763.
2265 779 2344 838 4.*

294 849 370 898 sed
397 853 566 910 priores
603 861 674 905 50.
707 848 873 893 tabulae
905 844 1012 893 sunt
1048 847 1159 892 anni
1196 851 1331 904 1760.
1400 844 1600 890 Centum
1640 842 1747 889 sunt
1784 845 1976 897 tabulae,
2014 843 2069 889 ad
2105 842 2347 889 microsco-

293 916 422 975 pium
461 929 564 959 cum
590 912 708 958 vivis
737 911 965 957 coloribus
997 910 1196 970 depisiae.
1266 910 1392 955 Inter
1426 923 1497 953 eas
1536 905 1691 967 passim
1720 908 1869 966 aliqua
1901 907 1956 953 ad
1996 923 2082 953 nos
2125 904 2342 967 spectant.

295 979 366 1024 De
413 976 607 1036 globulis
655 972 928 1034 sanguineis
953 973 1000 1019 in
1053 975 1174 1019 ranis
1218 970 1338 1019 vifis.
1427 971 1522 1017 Seri
1565 968 1799 1031 sanguinis
1835 981 1930 1016 rete
1973 968 2223 1024 fibrosum,
2268 987 2344 1016 ex-

294 1040 526 1087 halatione
548 1050 732 1090 natum,
769 1039 810 1083 &
831 1038 1061 1097 particulae
1089 1035 1317 1095 quadratae
1348 1034 1610 1080 muriaticae.
1681 1034 1905 1093 Anguillae
1947 1034 1997 1079 in
2029 1034 2205 1093 glutine
2237 1031 2344 1079 sari-

295 1120 462 1155 naceO,
498 1104 548 1148 in
577 1114 728 1148 aceto:
768 1098 964 1161 squamae
993 1098 1210 1160 piscium:
1248 1099 1463 1158 plumulae
1493 1097 1789 1157 papilionum.
1880 1097 2080 1149 Tubuli,
2116 1110 2170 1143 ut
2195 1096 2345 1143 noster

295 1179 454 1229 putat,
493 1166 622 1211 nervi
645 1166 812 1224 optici,
848 1162 1058 1223 quisunt
1091 1160 1286 1208 funiculi
1314 1161 1471 1208 nervei
1500 1161 1573 1220 pia
1611 1160 1823 1221 meninge
1854 1161 2079 1207 obvoluti.
2150 1158 2346 1206 Vascula

253 1254 259 1258 ·
298 1233 341 1278 ὃς
372 1229 532 1276 Viscera
558 1228 759 1280 cimici83
796 1226 974 1273 vascula
1006 1225 1181 1272 ramosa
1215 1223 1521 1286 proboscidis,
1565 1224 1615 1269 in
1643 1224 1882 1283 papilione.
1952 1224 2081 1269 Plicae
2115 1224 2231 1270 cutis
2259 1222 2345 1270 hu-

297 1310 467 1347 manae,
505 1295 547 1339 &
573 1291 749 1351 spirales
779 1291 1027 1351 digitorum
1048 1291 1189 1335 lineae.
1280 1289 1363 1334 Pili
1386 1287 1515 1339 varii,
1554 1289 1596 1333 &
1615 1288 1716 1333 lana
1732 1285 1956 1339 cellulosa,
1989 1289 2030 1333 &
2049 1289 2163 1347 pori,
2186 1299 2241 1333 ut
2265 1303 2348 1346 pu-

297 1370 394 1410 tat,
432 1354 686 1403 sudoriferi.
755 1356 936 1401 Oculus
971 1353 1205 1406 scarabaei,
1237 1368 1341 1398 curn
1376 1349 1745 1411 sexangularibus
1782 1348 1904 1410 quali
1936 1352 2112 1406 corneis
2145 1351 2344 1403 tunicis,

297 1424 341 1468 &
367 1420 449 1468 suo
480 1437 560 1480 pro
590 1434 768 1480 quaque
786 1433 927 1470 nervo
954 1418 1119 1477 optico.
1176 1416 1470 1476 Serpentulus
1497 1415 1749 1474 aquaticus,
1780 1414 1853 1460 cui
1880 1412 2007 1466 vasa,
2045 1415 2197 1466 oculi,
2227 1415 2346 1459 inte-

297 1484 464 1531 stinum
506 1483 847 1542 strangulatum.
937 1481 1076 1528 Oculi
1112 1482 1153 1526 &
1183 1479 1448 1526 intestinum
1484 1475 1703 1530 fasciolae,
1754 1479 1796 1524 &
1829 1494 1941 1524 caeca
1969 1477 2234 1524 intestinula
2259 1493 2346 1522 nu-

293 1546 479 1596 merosa.
548 1545 666 1592 Vasa
685 1547 733 1591 in
749 1542 1009 1603 chrysalidis
1022 1545 1179 1604 capite.
1243 1545 1349 1590 Ova
1364 1542 1739 1602 cyprini&la6les
1752 1539 1969 1587 masculae.
2041 1541 2200 1601 Polypi
2226 1540 2341 1586 varii

294 1626 542 1671 eorumque
562 1608 733 1669 hydrae.
781 1609 940 1667 Polypi
960 1607 1134 1654 cristam
1162 1604 1424 1654 castrensem
1446 1603 1704 1651 referentes.
1749 1605 1838 1650 Alii
1854 1604 2009 1664 polypi
2030 1605 2245 1657 minores,
2268 1619 2347 1650 va-

294 1676 367 1724 rii.
434 1675 611 1733 Papillae
633 1673 800 1733 linguae
830 1672 1014 1718 bubulae
1032 1705 1045 1725 ,
1080 1672 1315 1724 aculeatae,
1352 1667 1652 1730 fungiformes
1670 1702 1682 1722 ,
1719 1683 1822 1714 cum
1842 1668 1993 1713 nervis
2017 1669 2059 1713 &
2083 1666 2209 1714 vasis.

425 1756 499 1817 EJ.
537 1759 632 1801 Der
652 1751 1016 1814 microfhopifhhen
1044 1755 1226 1814 Augen·
1257 1750 1350 1797 und
1379 1747 1610 1799 Gemiiths-
1627 1754 1926 1810 Ergbtzungen
1956 1752 2127 1795 Drittes
2157 1748 2344 1810 Fia'nfzig

296 1819 547 1879 N'urnberg
570 1824 703 1875 1762.
732 1816 813 1875 4*
878 1817 948 1862 Ad
973 1816 1186 1863 fabricam
1219 1816 1387 1875 linguae
1417 1817 1566 1860 coelae.
1637 1814 1746 1873 Ejus
1783 1811 1908 1858 fibrae
1943 1813 2207 1858 reticulatae.
2274 1812 2346 1858 Pi-

299 1887 371 1931 lus
396 1884 449 1930 de
479 1883 603 1929 crine
630 1882 799 1934 leonis,
831 1897 934 1927 cum
967 1896 1130 1940 magno
1157 1879 1321 1925 tubulo
1341 1912 1354 1931 ,
1395 1880 1437 1924 &
1467 1877 1622 1923 multis
1657 1875 1971 1922 exhalantibus
1996 1876 2202 1934 guttulis.
2271 1876 2343 1921 Pi-

296 1950 366 1994 lus
391 1947 652 1993 reticulatus
667 1945 874 2004 capreoli.
944 1945 1111 2004 Papilla
1135 1943 1431 2002 unguiculata
1454 1943 1621 2001 linguae
1639 1940 1837 1986 bubulae.
1906 1940 1961 1985 In
1981 1940 2207 1999 papilione
2232 1940 2346 1985 mul-

298 2022 345 2056 ta
372 2013 412 2056 δι
436 2007 607 2055 ramosa
628 2007 819 2055 vascula.
887 2008 1023 2054 Lana.
1092 2006 1239 2060 Penis,
1279 2017 1331 2052 ut
1350 2018 1482 2066 putat
1500 2006 1569 2051 vir
1594 2005 1661 2051 Cl.
1680 2038 1693 2057 ,
1730 2001 1917 2057 muscae,
1949 2004 1992 2049 ἃ
2012 2004 2186 2049 oculus.
2236 2002 2344 2048 Pro-

298 2071 446 2120 boscis
472 2073 725 2132 papilionis.

431 2154 486 2200 In
520 2153 672 2199 diariis
699 2151 853 2213 paffim
883 2150 1200 2211 microscopica
1227 2150 1413 2210 adtigit.
1449 2150 1557 2196 &in
1583 2145 1829 2206 Friinkische
1847 2147 2020 2195 Samml.
2041 2146 2096 2192 T.
2120 2157 2160 2202 3.
2189 2146 2243 2192 de
2266 2162 2345 2193 an-

305 2218 457 2281 guillis
483 2215 714 2264 farinaceis
745 2218 786 2263 &
805 2232 958 2263 earum
980 2216 1185 2262 restituta
1206 2216 1301 2262 vita
1323 2215 1427 2276 egit.
1495 2216 1673 2261 Asculi
1694 2213 1902 2273 globulos
1921 2209 2158 2257 seminales
2181 2211 2343 2272 rejicit.

887 2344 930 2402 §.
970 2345 1024 2394 M
1040 2346 1076 2392 C
1087 2346 1156 2393 LI
1171 2345 1231 2392 V.
1332 2345 1579 2390 Anatomici
1602 2345 1738 2388 varii.

427 2444 495 2491 M.
521 2443 580 2489 D.
621 2442 790 2488 ele'mens
825 2441 876 2487 de
909 2441 1152 2504 phyfiologie
1201 2440 1325 2487 Paris
1363 2444 1498 2497 1756.
1537 2436 1644 2486 12.*
1718 2437 1830 2484 Non
1869 2436 2035 2484 eruditi
2072 2437 2161 2485 viri
2196 2453 2343 2498 opus;

305 2509 384 2570 qui
409 2522 557 2554 novos
584 2506 782 2552 Gallicos
808 2506 944 2553 libros
967 2503 1058 2551 sere
1082 2505 1191 2565 legit
1212 2507 1251 2551 ἃ
1270 2505 1314 2550 N
1320 2516 1588 2550 ENTERUM.
1658 2502 1837 2547 Du6tus
1863 2499 2041 2560 hepati·
2056 2501 2242 2561 cysticos
2261 2516 2342 2560 pro

304 2571 572 2622 indubitatis
600 2569 812 2615 admittit.
891 2568 946 2613 In
972 2581 1164 2627 utroque
1193 2567 1301 2614 sexu
1330 2565 1482 2613 semen
1513 2567 1701 2626 reperit,
1752 2566 1793 2611 ἃ
1829 2564 2025 2610 duorum
2059 2564 2242 2624 quidem
2271 2579 2344 2623 ge.

302 2652 479 2683 nerum.
550 2634 638 2680 Lac
661 2632 711 2678 in
742 2629 860 2677 fetus
886 2646 1029 2690 nuper
1056 2631 1166 2677 editi
1186 2631 1391 2677 mammis
1410 2646 1562 2676 rarum
1592 2641 1736 2689 putat.
1804 2628 1908 2674 Plus
1933 2630 2069 2673 nodtu
2091 2625 2341 2686 perspirari.

304 2700 389 2746 Vis
435 2697 600 2745 tonica.
701 2694 1022 2741 Ventriculum
1064 2710 1160 2739 non
1200 2693 1315 2752 poffe
1360 2694 1421 2739 cis
1474 2694 1648 2738 tertiam
1692 2703 1863 2752 partem
1911 2690 2120 2735 diametri
2166 2689 2340 2736 aretari.

303 2764 484 2809 Motum
514 2757 828 2820 peristaltieum
851 2758 1011 2817 rejicit.
1081 2759 1239 2801 Aerem
1262 2755 1540 2802 thoracicum
1568 2753 1748 2801 refutat.
1818 2755 1993 2799 Omnes
2022 2750 2248 2798 musculos
2274 2753 2344 2798 in-

305 2825 555 2871 tercostales
577 2821 712 2868 habet
740 2838 820 2881 pro
848 2819 1059 2867 musculis
1086 2817 1400 2878 exspiratoriis.
1468 2820 1630 2878 Neque
1662 2826 1805 2863 aerem
1842 2817 1892 2861 in
1918 2813 2183 2875 sanguinem
2218 2816 2346 2862 veni.-

304 2903 376 2940 re,
413 2904 558 2947 neque
592 2900 694 2932 eum
717 2884 955 2931 humorem
989 2886 1038 2930 in
1058 2884 1275 2942 pulmone
1296 2880 1561 2941 refrigerari.
1630 2882 1774 2929 Unica
1798 2880 1977 2925 valvula
1999 2878 2221 2940 cujusque
2241 2878 2343 2926 ostii

309 2950 468 3002 cordis,
535 2951 647 3002 Non
673 2950 824 3011 magni
847 2947 1070 2999 momenti
1091 2944 1171 2998 effe
1194 2945 1289 2998 vim
1317 2961 1492 2994 corneae
1518 2945 1683 2997 tunicae
1705 2941 2043 3005 refringentem.
2172 3010 2213 3056 R
2238 3006 2257 3055 l
2312 3004 2345 3054 d

2214 3023 2237 3056 ο
2255 3022 2310 3056 an
