2531 3394
278 138 376 192 426
569 96 580 101 ⁴
698 136 831 183 LIB.
877 138 966 184 ιΧ.
1037 128 1454 197 ANAToMng
1503 96 1950 188 PERFECTIO.

278 280 382 310 non
420 254 544 311 male
563 265 803 326 exprimit,
851 267 936 314 tria
959 281 1130 313 cornua
1153 264 1398 313 ventriculi
1423 258 1675 326 superioris,
1699 267 1900 322 cerebri,
1934 259 2096 317 =striam
2124 270 2339 319 nerveam

281 327 587 376 thalamorum
610 330 867 390 opticorum
887 365 899 384 ‚
938 331 1153 391 ganglion
1182 329 1540 389 ophthalmicum
1558 364 1570 383 ‚
1618 328 1802 377 officula
1835 333 1885 378 in
1913 333 2171 395 ligamentis
2204 335 2340 396 stylo·

283 391 506 452 hyoideis.
576 396 646 442 De
670 393 755 441 offe
781 396 933 456 palati,
970 394 1024 440 de
1049 391 1264 440 musculis
1291 391 1490 442 incisivis
1514 394 1774 443 minoribus
1798 397 1881 443 &c.
1903 402 1910 404 ⁴

846 555 892 613 §.
930 557 1206 605 MXCIII.
1281 561 1476 620 Georgii&
1500 559 1781 613 ARNAULD,

408 690 666 752 Chirurgus
693 686 916 735 Parisinus
934 722 945 741 ,
982 689 1032 734 in
1059 689 1268 749 Angliam
1296 685 1541 749 profugus,
1578 689 1660 735 ubi
1678 688 1878 736 Londini
1897 687 2170 751 chirurgiam
2201 692 2243 738 &
2262 708 2341 752 po-

247 754 502 804 ctiffimum
530 754 790 800 herniarum
810 752 1079 798 medicinam
1097 752 1315 798 exercuit.
1385 752 1459 812 EJ.
1498 752 1606 800 Difl'.
1632 751 1872 816 ophernies
1892 767 2160 816 orrztptures
2192 755 2341 803 Lond.

289 827 424 879 1748.
462 821 546 873 8.>“ί
597 834 652 863 ex
685 818 860 863 Gallico
907 814 1046 863 versa.
1148 817 1339 863 Meritas
1378 818 1526 876 operis
1568 817 1722 864 laudes
1759 819 1809 864 in
1851 817 2080 879 chirurgia
2119 819 2341 868 dedimus.

283 886 441 945 Elogia
465 894 696 928 anatomes
722 879 1050 941 pathologicae,
1088 893 1321 927 anatomes
1347 896 1515 926 cereae:
1557 881 1610 927 de
1631 898 1819 941 corpore
1845 881 2048 928 humano
2082 884 2132 928 in
2161 878 2359 930 univer-v

281 947 408 1000 sum,
446 944 723 1007 potiffimum
753 945 806 990 de
834 944 1078 990 abdomine
1107 946 1149 991 &
1184 945 1282 1004 ejus
1311 942 1585 999 visceribus,
1634 946 1688 992 de
1717 945 1923 1006 partibus
1949 947 2235 1008 generationi
2257 945 2344 994 scr-

282 1011 540 1064 viendbns,
579 1009 631 1055 de
653 1008 927 1055 humoribus
954 1006 1168 1055 humanis
1195 1011 1277 1056 δίο.

408 1094 485 1152 EJ.
523 1088 807 1152 Diffiertcztion
827 1090 879 1152 of
892 1088 1257 1152 hermaphrodites
1290 1091 1435 1139 Lond.
1450 1104 1598 1155 x1750.
1625 1088 1708 1146 8.*
1755 1091 1973 1151 Exempla
1993 1089 2174 1139 fabricae
2193 1093 2344 1146 dubiae

285 1157 369 1206 fibi
382 1155 474 1204 visa
489 1157 660 1215 depicsta
683 1156 783 1201 dat:
823 1170 981 1200 eorum
997 1156 1148 1216 aliqua
1161 1172 1369 1202 verarum
1386 1155 1656 1202 feminarum
1677 1154 1798 1209 sunt,
1821 1155 1962 1202 nimia
1979 1157 2185 1203 clitoride
2200 1154 2348 1204 defor-

284 1224 441 1269 mium.
495 1219 632 1266 Aliud
654 1220 910 1279 exemplum
937 1219 1195 1279 androgyni
1217 1221 1420 1267 verioris.
1475 1219 1789 1267 Testicondus.
1849 1220 2049 1266 Celebris
2073 1221 2147 1267 ille
2169 1222 2342 1268 DRou-

283 1301 384 1334 ART
400 1320 412 1339 ‚
453 1300 586 1345 quem
602 1285 656 1329 ὃς
689 1281 780 1342 ipse
804 1283 913 1329 vidi.
983 1284 1169 1329 Femina
1193 1284 1401 1330 clitoride
1429 1301 1509 1344 pro
1535 1284 1670 1332 urina
1698 1281 1939 1345 perforata.
2007 1286 2108 1332 Alia
2134 1287 2338 1347 exempla

284 1352 490 1403 colletfka,
527 1363 633 1394 cum
655 1347 865 1393 iconibus
895 1345 951 1392 ad
980 1345 1250 1408 scriptorum
1272 1348 1409 1395 verba
1431 1348 1679 1395 delineatis.

415 1433 586 1492 EJUSD.
636 1430 762 1476 Plain
786 1428 877 1475 and
901 1427 993 1488 easjv
1019 1430 1285 1490 irfirublions
1310 1447 1362 1478 on
1384 1428 1452 1476 the
1475 1428 1653 1489 diseases
1681 1429 1735 1492 of
1751 1427 1819 1476 the
1841 1428 2023 1476 hladder
2048 1430 2139 1477 and
2163 1429 2341 1477 urethra

284 1497 479 1545 London
518 1498 606 1553 176
614 1506 652 1549 3.
696 1497 797 1541 122*
863 1495 1088 1540 Anatome
1121 1495 1317 1553 partium
1351 1495 1635 1556 genitalium.
1717 1494 1890 1540 Contra
1930 1493 2187 1553 hymenem.
2253 1495 2343 1552 Pro,

211 1615 213 1618 Α
283 1561 488 1622 prostans
524 1557 749 1605 femineis.
818 1557 904 1603 Pro
945 1559 1215 1605 carunculis.
1287 1556 1407 1605 Foffa
1437 1560 1487 1604 in
1512 1557 1689 1618 glande,
1719 1558 1862 1618 prima
1886 1557 2173 1619 gonorrhoeae
2199 1557 2336 1606 sedes.

280 1625 534 1672 Glandulas
556 1620 802 1669 odoriferas
829 1623 1025 1668 TYSONI
1047 1623 1096 1668 in
1119 1623 1278 1669 morbo
1298 1621 1481 1670 succum
1504 1622 1638 1669 suum
1664 1623 1897 1683 projicere.

414 1708 449 1753 E
453 1721 489 1767 J.
524 1709 753 1752 Me‘moires
782 1704 833 1750 de
853 1703 1067 1765 chirurgiae
1092 1721 1194 1750 avec
1215 1705 1408 1765 quelques
1433 1721 1679 1765 remarqztes
1704 1702 1947 1764 historiques
1967 1703 2047 1762 fiir
2080 1704 2202 1751 l'e'tat
2224 1704 2274 1752 de
2297 1705 2340 1753 la

283 1769 566 1825 medecine‘&
584 1770 635 1815 de
655 1771 697 1814 la
715 1767 930 1829 chima-gie
954 1786 1001 1813 en
1023 1771 1183 1814 Frzmce
1199 1768 1257 1824 (ἐξ
1281 1786 1331 1814 en
1347 1769 1602 1830 Angleterre
1623 1769 1677 1815 T.
1693 1764 1729 1814 I.
1753 1770 1794 1814 &
1818 1769 1876 1814 11.
1923 1768 2119 1815 London
2140 1777 2273 1827 1768.
2290 1781 2336 1828 4.

285 1833 477 1882 2.Vol.*
521 1834 740 1880 Collec‘tio
762 1836 1013 1879 multorum
1041 1830 1381 1892 opusculorum.
1437 1834 1492 1879 In
1517 1834 1570 1879 T.
1588 1833 1622 1878 I.
1653 1832 1804 1891 aliqua
1822 1830 1929 1878 sunt
1950 1833 2210 1886 HUNTEM,
2235 1850 2340 1880 cum

284 1903 519 1949 ARNALDI
548 1899 687 1944 notis.
757 1899 826 1943 De
851 1910 1013 1943 natura
1037 1895 1300 1943 hcrniarum
1325 1897 1671 1957 congenitarum
1701 1912 1797 1941 non
1828 1895 1970 1949 bene,
2007 1912 2110 1942 cum
2146 1898 2348 1945 eximius*

286 1966 568 2011 HUNTERUS
596 1961 752 2023 sponte
778 1959 973 2008 fateatur
990 1995 1001 2013 ‚
1039 1958 1082 2006 se
1108 1978 1146 2007 a.
1179 1974 1310 2019 1755.
1341 1977 1395 2006 ex
1420 1959 1582 2006 nostris
1615 1959 1811 2022 opusculis
1824 1958 2099 2023 pathologictk
2136 1961 2336 2021 primum

287 2029 341 2074 de
373 2045 422 2074 ea
457 2040 619 2074 natura
653 2023 867 2073 audivisse
888 2060 899 2078 ,
949 2024 1079 2071 testes
1116 2041 1276 2085 nempe
1305 2025 1355 2070 in
1385 2024 1627 2070 abdomine
1654 2022 1773 2071 fetus
1809 2025 2058 2071 contineri,
2102 2025 2144 2070 &
2175 2023 2336 2071 senfim

283 2093 471 2140 demum
500 2092 619 2137 exire
637 2126 649 2144 ,
684 2105 1019 2149 nonnunquam
1046 2090 1177 2134 etiam
1203 2088 1495 2149 appendicem
1517 2089 1715 2147 patulam
1747 2088 1983 2147 peritonaei
2005 2099 2207 2148 paratam
2234 2086 2331 2141 effe,

263 2158 335 2203 ‘in
372 2172 512 2216 quam
548 2154 811 2201 intestinum
850 2153 1053 2200 herniam
1088 2150 1313 2199 fadiurum
1347 2151 1600 2198 descendat.
1685 2152 1837 2211 Negat
1883 2151 2018 2197 etiam
2058 2150 2170 2198 adeo
2210 2150 2342 2199 facile

287 2218 467 2266 ostensu
508 2219 558 2265 in
590 2217 686 2265 fetu
712 2231 963 2265 omentum.
1048 2217 1200 2277 Negat
1230 2217 1394 2277 pariter
1424 2214 1712 2263 manifestum
1751 2215 2045 2261 involucrum
2093 2231 2337 2263 commune
2397 2215 2400 2218 ’

284 2282 495 2332 vasorum
521 2282 906 2343 spermaticorum.
1001 2280 1136 2327 Vidit
1170 2279 1490 2333 triorchidem,
1525 2277 1811 2326 luxuriosum
1845 2277 2096 2325 hominem.
2186 2279 2341 2327 Testes

283 2350 550 2410 plerumque
575 2358 678 2393 ante
708 2360 885 2406 partum
911 2346 962 2391 in
989 2343 1186 2391 scrotum
1217 2343 1512 2391 descendere:
1563 2341 1752 2389 relidere
1778 2358 2115 2402 nonnunquam
2148 2344 2199 2390 in
2235 2342 2337 2391 sede

283 2414 411 2459 anuli
443 2411 769 2463 abdominalis,
811 2412 851 2457 ἃ
883 2410 995 2455 male
1034 2425 1114 2469 pro
1152 2409 1312 2455 hernia
1346 2407 1516 2454 haberi.
1601 2408 1775 2453 Iterum
1809 2406 1863 2451 de
1891 2405 2183 2467 androgynis.
2266 2408 2337 2455 De

283 2478 550 2537 androgyna
576 2475 767 2535 quadam
790 2508 802 2526 ,
839 2474 888 2519 in
909 2489 997 2533 qua
1020 2471 1061 2518 sc
1078 2474 1315 2535 vaginam,
1355 2489 1404 2519 os
1419 2471 1539 2519 uteri
1561 2472 1603 2517 &
1628 2470 1758 2518 testes
1778 2468 1981 2531 reperifl'e
2007 2482 2136 2530 putat
2149 2472 2218 2518 vir
2232 2471 2332 2523 C1.;

283 2557 381 2587 non
414 2542 591 2601 plenam
619 2550 772 2585 tamen
805 2535 941 2583 fidem
974 2534 1151 2596 poscere
1184 2536 1351 2596 potest,
1396 2553 1499 2583 cum
1531 2535 1730 2581 viventis
1768 2532 1971 2580 hominis
2012 2533 2232 2580 fabricam
2267 2535 2337 2580 in-

282 2616 456 2651 ternam
492 2620 589 2650 non
632 2600 832 2664 potuerit
869 2615 1037 2645 eruere.
1108 2601 1253 2648 Urina
1284 2617 1361 2660 per
1391 2599 1659 2646 umbilicum
1697 2614 1901 2645 manans.
1972 2598 2186 2657 Exempla
2219 2597 2338 2643 viro-

283 2685 385 2714 rum
416 2685 495 2729 pro
530 2666 808 2727 androgynis
842 2663 1102 2711 habitorum
1123 2698 1135 2718 ,
1172 2666 1213 2711 Se
1239 2666 1430 2725 puellae,
1463 2679 1564 2725 quae
1600 2678 1792 2710 uxorem
1818 2662 2023 2709 duxerat.
2098 2660 2338 2707 '‘Clitoride

282 2734 380 2779 aliae
406 2748 597 2793 magna,
631 2732 730 2778 aliae
752 2727 937 2789 duplici.

411 2815 587 2861 Tomus
614 2814 670 2860 ΙΙ.
700 2810 804 2859 fere
821 2809 878 2856 ad
902 2808 1082 2856 hernias
1111 2809 1321 2869 pertinet.
1391 2809 1557 2856 Oratio
1579 2807 1632 2854 de
1652 2805 1865 2854 laudibus
1889 2813 2136 2851 anatomes.
2205 2806 2336 2854 Anu-

287 2890 481 2927 mimam
516 2873 847 2927 Aurelianensis
875 2874 1001 2923 ducis
1031 2871 1172 2922 filiam
1206 2871 1478 2936 chirurgicas
1513 2870 1923 2921 administrationes
1951 2866 2206 2917 exercuisse.

1981 3030 2028 3091 §0
2060 3032 2333 3085 MXCIV.
