2531 3394
297 129 395 179 668
695 121 829 170 ΕῙΒ.
874 121 969 168 IX.
1035 115 1455 167 ANATOMES
1513 115 1962 166 PERFECTIO.

425 254 564 303 'IDEM
593 253 644 299 in
671 251 922 313 ver'befferte
946 249 1227 312 Bienenpflege
1261 245 1494 294 Manheim
1524 259 1657 305 1771.
1690 244 1769 300 8.*
1834 245 2034 295 Examen
2060 265 2118 295 ne
2139 247 2350 310 prodeat,

302 318 577 380 reginamin
600 332 818 363 carcerem
844 316 982 362 dedit.
1051 317 1167 372 Apes
1193 314 1406 372 operariae
1433 311 1488 357 ad
1511 312 1709 357 laborem
1736 308 1778 356 se
1801 310 2069 366 conferunt,
2106 330 2240 373 quam
2264 314 2352 374 pri-

297 398 431 429 mum
456 397 543 427 ova
561 380 687 442 regia
710 378 946 441 poffident.
989 376 1231 437 Operarias
1249 376 1299 420 in
1321 376 1497 435 reginas
1526 391 1620 420 non
1646 372 1761 434 poffe
1785 376 1964 420 mutari.
2025 378 2198 422 Patrem
2213 376 2352 423 ‘suum

304 446 464 492 eodem
490 442 684 491 artificio
708 442 839 490 usum
860 477 872 496 ‚
917 458 1009 502 quo
1027 442 1308 487 ‘SCHIRAOEL
1375 442 1593 496 Qatuor
1621 435 1814 485 diversas
1841 454 1974 485 voces
2007 454 2206 499 quatuor
2239 442 2353 502 regi-

302 525 467 556 narum
499 507 749 568 distinguit.
1374 503 1375 506 ’

433 590 490 636 In
514 590 654 636 altero
671 599 806 634 ‚tomo
825 587 1008 633 historia
1037 582 1271 645 perniciosi
1293 582 1449 631 insecti
1475 582 1775 646 Rehensticher,
1806 582 2088 646 potisfimum
2113 584 2169 630 ab
2197 583 2353 644 Ifraele

298 654 593 703 WALTHER
619 651 839 713 descripti„
911 649 1041 697 Vidit
1069 647 1377 695 semivermem
1412 646 1811 696 semiscarabaeum.

1049 785 1086 835 ᾗ,
1121 779 1373 828 MCCLL
1473 780 1595 827 Itali.

438 905 559 950 Petri
580 901 814 948 MOSCATI
848 896 948 943 delle
983 908 1182 958 corporee
1210 894 1438 954 diff‘erenze
1468 890 1678 955 effi’nz-ieli
1700 892 1770 942 che
1791 893 1966 956 paffimo
1986 895 2354 957 fralastruttura

304 968 383 1015 ἅθ’
407 966 526 1013 bruti
556 982 576 1010 e
601 964 644 1009 la
669 979 824 1008 umana
870 962 1032 1007 Milan.
1055 973 1189 1017 1770.
1222 958 1298 1011 8.*
1346 959 1584 1018 Gottingae
1606 959 1875 1004 Germanice
1907 958 2099 1012 versum,
2137 961 2177 1004 ἃ
2202 960 2353 1006 Italice

304 1029 512 1078 recusum
532 1027 693 1073 Brixiae
722 1037 856 1083 1771.
886 1022 965 1078 8.*
1003 1026 1191 1070 auritum
1209 1021 1433 1083 appendice
1449 1020 1553 1068 satis
1570 1024 1740 1081 ampla,
1778 1039 1866 1081 qua
1889 1025 2046 1068 auzi'tor
2067 1024 2353 1070 GALEAZZII

307 1091 642 1153 objectionibus
673 1087 928 1149 respondet,
996 1088 1051 1134 In
1083 1085 1179 1146 ipso
1221 1087 1339 1131 libro
1366 1084 1611 1131 humanam
1652 1083 1866 1131 fabricam
1900 1102 1924 1131 a
1951 1098 2113 1132 natura
2140 1087 2204 1131 ita
2230 1102 2355 1146 para-

306 1170 399 1204 tam
422 1152 545 1202 fuiffe
570 1154 716 1206 docet,
746 1164 800 1198 ut
824 1150 964 1197 homo
993 1152 1247 1210 quadrupes
1276 1149 1518 1195 incederet.
1588 1150 1772 1201 Pueros,
1797 1145 1942 1209 quiin
1973 1147 2144 1195 deserto
2176 1150 2354 1196 educati

303 1219 517 1272 fuerunt,
556 1216 735 1263 eosdem
761 1215 1075 1275 quadrupedes
1097 1212 1237 1260 fuiffe.
1306 1213 1345 1258 A
1372 1210 1459 1258 fitu
1486 1215 1632 1258 erecto
1663 1211 1786 1265 fieri,
1833 1225 1886 1259 ut
1914 1229 1992 1259 cor
2025 1212 2355 1274 diaphragmati

295 1281 599 1333 adnascatur,
638 1292 692 1327 ut
718 1281 846 1340 origo
864 1295 1037 1338 magnae
1063 1277 1237 1323 arteriae
1265 1276 1399 1321 latior
1423 1274 1528 1329 fiat,
1565 1288 1741 1322 mutato
1767 1279 1934 1336 angulo
1960 1275 2041 1322 sub
2063 1293 2153 1337 quo
2179 1275 2356 1337 sangui-

307 1363 411 1394 nem
441 1345 616 1404 accipit.
696 1344 773 1390 Ob
807 1341 981 1388 facilem
1004 1341 1228 1387 refluxum
1258 1338 1490 1400 sanguinis
1519 1338 1826 1392 mesenterici,
1860 1341 2069 1387 animalia
2099 1339 2356 1388 mesenterii

300 1409 635 1456 -obstructiones
659 1408 883 1466 ignorare.
951 1406 1006 1451 ln
1030 1403 1244 1457 homine,
1284 1405 1325 1449 &
1351 1403 1537 1463 perinde
1561 1404 1610 1449 in
1634 1406 1851 1456 animale,
1899 1403 2112 1450 obtusum
2149 1403 2229 1450 effe
2259 1417 2356 1451 ten-

300 1474 466 1519 dinum
490 1469 682 1516 sensum.
752 1469 957 1516 Humani
984 1468 1159 1529 generis
1186 1467 1533 1527 praerogativam
1558 1465 1639 1512 effe
1663 1468 1712 1513 in
1738 1468 1909 1513 cerebri
1939 1466 2120 1513 fabrica.
2192 1469 2229 1514 A
2260 1485 2358 1515 cor-

294 1552 412 1597 ,pore
443 1533 562 1581 fetus
589 1534 838 1580 convoluto
867 1531 992 1586 fieri,
1038 1543 1093 1578 ut
1120 1530 1301 1592 sanguis
1336 1532 1386 1576 in
1420 1532 1654 1577 cerebrum
1684 1531 1868 1577 uber-ior
1894 1531 2157 1584 incumbat,
2206 1534 2250 1578 ἃ
2287 1533 2356 1579 ni-

298 1601 449 1647 mium
474 1596 555 1645 fiat
580 1597 781 1644 hominis
806 1597 856 1643 in
878 1594 1114 1642 sentiendo
1144 1610 1349 1641 acumen.

427 1681 486 1726 In
511 1678 736 1740 appendice
761 1678 928 1724 animal
956 1679 1145 1736 Orang-
1170 1688 1342 1737 outang
1367 1692 1514 1735 neque
1538 1677 1597 1722 ab
1623 1676 1835 1729 homine,
1871 1692 2018 1737 neque
2045 1693 2070 1722 a
2100 1675 2224 1723 simia
2254 1675 2356 1725 satie

303 1740 509 1797 afferre,
546 1759 693 1802 neque
725 1743 775 1788 in
800 1739 1063 1788 universum
1100 1757 1124 1786 a
1154 1741 1300 1786 brutis
1326 1740 1549 1787 homines.

436 1827 511 1884 ΕᾸ.
548 1823 738 1885 insignis
765 1824 890 1870 labor
919 1823 970 1869 in
1000 1825 1102 1868 Atti
1127 1820 1241 1885 fifico
1268 1819 1438 1868 critichi
1473 1821 1519 1867 di
1543 1825 1670 1868 Siena
1705 1822 1760 1867 T.
1779 1822 1849 1867 IV
1848 1856 1862 1870 ,
1933 1821 2154 1869 Tendinis
2185 1820 2357 1869 fabrica

303 1906 384 1950 per
408 1888 961 1949 longammacerationem
988 1887 1185 1932 evoluta.
1253 1886 1477 1932 Tendinis
1507 1884 1622 1931 fibra
1652 1902 1760 1931 vcum
1792 1884 1909 1932 fibra
1934 1903 2093 1932 carnea
2118 1887 2356 1933 continua-

301 1966 397 1999 tur.
464 1953 526 1998 Ea
558 1967 676 1997 mere
703 1948 912 1997 cellulosa
938 1949 1025 2002 est,
1065 1965 1202 2009 quare
1227 1949 1366 1995 tendo
1394 1950 1436 1995 δι
1464 1947 1594 1994 sensu
1627 1948 1911 2002 destituitur,
1951 1952 1992 1996 ἃ
2016 1962 2179 1996 natura
2207 1950 2355 1996 irrita·
2429 1988 2432 1989 γ

305 2016 423 2067 bili3
474 2013 600 2061 facile
634 2015 767 2061 etiam
799 2011 984 2060 offescit.
1050 2013 1152 2074 Jam
1186 2013 1274 2059 viri
1313 2024 1438 2072 pater
1473 2011 1732 2058 insensilem
1764 2025 1973 2058 naturam
2006 2014 2245 2059 tendinum
2279 2029 2358 2073 per

307 2079 614 2138 experimenta
644 2076 989 2123 confirmaverat
1010 2111 1022 2130 ,
1071 2079 1113 2122 Sc
1149 2092 1252 2123 cum
1289 2075 1614 2135 produceretur
1640 2072 1869 2135 tamquam
1899 2075 2190 2123 sentientium
2211 2077 2358 2122 tendi-

306 2159 421 2188 num
448 2141 568 2188 testis
587 2175 600 2193 ‚
639 2140 898 2186 adfirmavit
918 2170 929 2187 2
959 2138 1088 2186 seusu
1109 2155 1299 2191 ¹carere3
1336 2137 1394 2185 fic
1419 2140 1467 2186 in
1495 2139 1678 2185 homine
1706 2139 2037 2186 mediastinum.
2120 2140 2355 2187 Tendines

296 2207 357 2253 'in
381 2204 475 2251 fetu
500 2205 728 2250 breviores
758 2203 853 2257 effe,
893 2203 943 2249 in
967 2204 1124 2250 adulto
1152 2203 1395 2263 longiores.
1463 2205 1643 2250 Nervos
1662 2219 1899 2262 nunquam
1923 2206 1973 2249 in
1997 2202 2253 2250 cellulosam
2279 2220 2358 2250 na-

301 2280 455 2316 turam
480 2269 571 2314 ulla
596 2267 892 2313 maceratione
920 2265 1098 2314 resolvi.

430 2351 551 2410 EJUS
575 2364 718 2394 mzove
750 2346 1034 2408 offervezzione
1065 2348 1118 2394 ed
1145 2349 1375 2410 esperie-nze
1410 2348 1458 2394 in
1486 2347 1704 2406 sanguine
1735 2351 1777 2396 8(
1798 2347 1893 2395 sero
1925 2348 2192 2395 industriam
2229 2347 2358 2396 suam

308 2413 563 2473 occupavit.
626 2412 733 2457 Pars
762 2413 1056 2471 coagulabilis
1086 2411 1169 2458 seri
1203 2429 1228 2457 a
1255 2411 1438 2458 thorace
1460 2411 1646 2459 diversa.
1716 2414 1796 2460 Illa
1821 2415 1869 2458 in
1894 2420 1994 2458 aere
2019 2411 2209 2458 solvitur
2227 2447 2241 2465 ,
2277 2413 2358 2458 iste

308 2476 537 2524 densatur.
608 2475 764 2522 Serum
793 2490 818 2519 a
839 2474 1060 2536 phlogisto
1082 2477 1276 2537 cogitur,
1304 2475 1412 2521 hinc
1439 2493 1462 2521 a
1485 2478 1601 2522 calce
1628 2477 1746 2529 viva,
1770 2493 1865 2522 non
1892 2476 1949 2521 ab
1975 2475 2203 2522 exstincta.
2252 2478 2358 2522 San-

308 2542 409 2603 guis
440 2537 619 2585 exhalat
645 2536 929 2597 phlogiston‚
973 2555 1114 2598 eoque
1149 2556 1294 2585 aerem
1321 2540 1602 2599 impraegnat.
1689 2541 1829 2585 Color
1860 2540 2148 2600 globulorum
2177 2550 2359 2584 natura-

306 2606 364 2650 lis
388 2603 530 2649 flavus
554 2601 615 2647 est
649 2617 703 2646 ex
733 2601 894 2653 viridi,
943 2617 968 2646 a
997 2602 1219 2662 phlogisto
1250 2604 1397 2649 rubet.
1499 2603 1553 2648 In
1592 2620 1690 2649 aere
1728 2603 1974 2650 intestinali
2014 2603 2261 2661 plurimum
2295 2601 2358 2647 est

311 2665 539 2728 phlogisti.
606 2665 881 2711 Pulmonum
918 2667 1109 2709 maxima
1137 2667 1311 2711 utilitas
1348 2666 1410 2712 est
1440 2665 1646 2712 exhalare
1680 2666 1963 2727 phlogiston,
2000 2665 2123 2724 quod
2158 2662 2359 2725 graviffi-
2427 2682 2429 2685 ’

307 2746 410 2781 mos
436 2728 618 2775 morbos
641 2726 832 2780 faceret,
868 2725 899 2773 fi
925 2740 1149 2773 retentum
1178 2729 1226 2773 in
1251 2727 1471 2789 sanguine
1492 2743 1825 2790 congereretur.
1948 2732 1950 2736 ’

438 2809 576 2867 Jacob
604 2811 846 2857 SCOVOLO
868 2842 880 2861 ,
913 2806 1133 2855 Professor
1160 2809 1429 2863 Patavium,
1467 2809 1609 2856 edidit
1639 2810 1800 2856 Paduae
1835 2822 1969 2866 1770.
1993 2805 2074 2864 4*
2123 2806 2360 2856 Dichiara-

312 2877 436 2922 zione
474 2873 543 2919 del
574 2876 645 2920 Sr.
670 2873 884 2920 HALLER
923 2872 1143 2934 publicata
1184 2875 1228 2916 in
1261 2878 1418 2920 Vienna
1453 2873 1531 2919 dal
1564 2876 1632 2920 Sr.
1671 2872 1722 2918 de
1748 2874 1910 2918 HAEN.
1979 2871 2127 2918 Voces
2160 2872 2358 2932 epistolae

306 2951 453 2990 meae,
487 2952 591 2983 cum
620 2936 720 2985 ILL.
745 2937 951 2985 Hammo
981 2935 1326 2985 communicatae
1345 2969 1359 2990 ,
1409 2937 1697 2997 aliquantum
1724 2936 1924 2983 ‚detortas
1958 2950 2011 2982 eo
2043 2937 2235 2997 explicat
2255 2967 2265 2981 2
2303 2948 2359 2987 ut

2209 3015 2358 3047 meam
