2531 3394
258 149 350 206 458
660 138 790 190 rm.
842 138 933 185 ιχ.
1000 126 1409 182 ANATOMES
1457 109 1896 204 PERFEch.

396 269 619 330 Francesco
633 267 903 318 Gmssmm
920 298 931 314 ‚
966 265 1045 326 qui
1068 260 1275 309 Venetiis
1291 259 1432 306 diaria
1459 256 1576 311 edit,
1609 253 1778 316 scripsit
1792 270 1838 303 a.
1861 269 1996 316 1750.
2030 255 2315 316 obfiwations

251 338 332 399 fiir
359 337 402 384 la
422 335 697 397 scolopendra·
717 337 882 380 marine
911 329 1092 388 luifimte
1125 322 1292 371 Venise
1310 337 1442 381 1750.
1467 320 1547 376 8.*
1581 336 1667 367 rec.
1700 323 1750 367 in
1773 321 1947 382 Allgem.
1967 326 2149 383 Magaz.
2180 322 2235 368 T.
2252 321 2313 368 V.

261 400 530 449 Accuratius
550 400 804 446 mezm
836 394 1055 441 infectum
1085 389 1298 449 multipes
1330 385 1565 439 describit,
1601 380 1676 430 cui
1702 399 1860 444 praeter
1879 384 2012 444 pedes
2035 387 2172 431 etiam
2190 384 2317 446 peni-

262 467 470 512 ciliorum
489 475 566 520 23.
584 463 706 523 paria
719 461 772 507 de
791 474 976 519 corpore
991 466 1172 502 exeunt.
1243 455 1408 498 Earum
1427 457 1550 497 nitor
1567 464 1727 508 aquam
1747 448 1944 494 lucidam
1962 447 2122 495 reddit.

393 548 468 607 EJ.
505 542 713 591 Praefatio
741 542 831 587 dell’
857 540 1006 586 utilite}
1034 536 1141 581 della
1166 537 1378 583 :root-omia
1411 532 1583 578 Venez.
1609 541 1692 587 175
1706 542 1747 580 Ι.
1765 541 1800 587 4
1816 526 1848 557 ἰ’
1883 528 2004 574 edita
2029 527 2090 573 est
2115 545 2217 575 cum
2237 530 2319 577 col-

262 612 434 659 leffione
462 628 512 655 ex
547 605 862 655 Commentarius
890 601 1124 647 Academia
1148 602 1449 645 Scientiarum.
1517 595 1667 641 Multa
1697 593 1894 653 primum
1924 593 1974 638 in
2014 591 2313 647 animalibus,

267 675 430 721 deinde
456 671 550 718 solo
574 670 756 717 demum
788 669 837 714 in
869 665 1053 712 homine
1085 663 1256 708 detecta
1285 658 1381 706 effe.

318 804 322 805 ⁷
397 756 529 803 IDEM
545 754 687 799 vitam
708 751 921 797 Epium
949 744 1090 792 edidit
1104 778 1116 796 ,
1149 743 1202 787 de
1219 743 1315 802 ejus
1337 739 1543 786 inventis
1561 735 1829 804 disquisivit,
1855 736 1909 784 de
1928 736 2122 785 circuitu
2141 734 2320 799 sangui-

267 822 353 874 nis,
385 819 580 866 valvulis
606 829 839 864 venarum.
907 806 1080 858 Recusa
1107 806 1167 852 est
1188 804 1457 852 Germanice
1490 804 1597 850 Ulm
1623 807 1758 860 1761.
1791 807 1833 855 8.

811 935 1178 998 §.MCXIIL
1285 934 1556 980 PALLucci.
1625 930 1731 977 Alii.

397 1059 544 1124 Jofi’ph
566 1058 740 1108 Natalis
767 1057 1019 1103 Parmam
1038 1086 1050 1104 ,
1085 1049 1380 1096 Vindobonae
1407 1063 1483 1108 per
1519 1047 1687 1092 multos
1711 1061 1856 1091 annos
1892 1044 2167 1105 chirurgiam
2199 1064 2322 1094 exer-

271 1129 393 1181 cuit,
431 1142 554 1173 nunc
578 1121 818 1170 Florentia:
848 1119 976 1164 vivit.
1044 1116 1165 1175 EJUS
1198 1113 1332 1159 multi
1358 1110 1465 1158 sunt
1492 1109 1736 1169 chirurgici
1762 1110 1929 1162 libelli,
1964 1101 2159 1169 quorum
2193 1112 2324 1170 pleri-

271 1209 359 1253 que
389 1189 560 1250 aliquid
588 1186 827 1233 continent
853 1181 909 1227 ad
933 1191 1176 1226 anatomen
1200 1175 1383 1222 faciens.
1452 1174 1680 1222 Nouvelles
1705 1189 1948 1233 remarques
1968 1173 2050 1232 sur
2078 1175 2123 1220 la
2149 1173 2322 1221 lithoto-

270 1261 377 1308 mie,
404 1254 562 1312 sitivies
583 1250 633 1296 de
643 1247 853 1311 plusieurs
873 1240 1240 1302 observationsfitr
1257 1241 1299 1286 la
1310 1239 1560 1300 separation
1579 1237 1756 1298 dupenis
1776 1235 1870 1291 &a
1908 1237 2029 1283 Paris
2055 1249 2186 1294 1750,
2212 1233 2321 1286 12*

265 1321 342 1365 ‘De
369 1317 486 1377 pelvi
514 1317 699 1376 ejusque
723 1310 858 1357 variis
884 1306 1123 1366 triangulis
1146 1340 1158 1357 ,
1195 1320 1298 1350 cum
1321 1305 1454 1348 icone
1481 1300 1690 1347 vasorum
1715 1300 1917 1346 intestini
1940 1302 2064 1353 redii,
2089 1303 2131 1347 &
2151 1300 2321 1349 veficae.

271 1381 439 1428 Veficae
464 1380 629 1425 ostium
647 1394 672 1422 a
698 1374 891 1436 prostata
917 1371 1078 1422 claudi,
1117 1371 1157 1415 ὃς
1180 1384 1204 1413 a
1225 1366 1463 1413 nonnullis
1488 1363 1754 1426 sphinAEieris
1771 1365 1848 1410 ani
1874 1363 2015 1417 fibris,
2052 1366 2325 1412 Germanice

272 1446 454 1506 Leipzig
487 1454 621 1501 1752.
650 1447 692 1494 8.

401 1527 500 1586 EJU
509 1539 584 1571 SD.
621 1520 831 1570 Non-velle
856 1514 1044 1564 methode
1064 1512 1308 1560 [Pabbattre
1329 1512 1371 1558 la
1390 1511 1605 1558 catara&
1637 1510 1758 1556 Paris
1780 1520 1912 1568 1752.
1939 1507 2047 1558 12.*
2098 1512 2322 1558 Anatome

269 1590 410 1637 oculi.
480 1588 690 1635 Retinam
713 1596 846 1631 vocat
877 1581 1116 1628 membrane
1142 1594 1380 1628 commune,
1427 1588 1480 1621 ut
1509 1592 1614 1620 vera
1646 1579 1789 1620 retina
1823 1572 2040 1620 fibrarum
2079 1572 2210 1622 series
2240 1575 2321 1630 fit,

270 1653 535 1701 membrana
554 1667 664 1696 vero
692 1647 947 1695 communis
975 1643 1030 1689 ad
1059 1644 1225 1688 lentem
1258 1639 1560 1699 crystallinam
1591 1649 1769 1697 pergat,
1816 1638 2004 1697 ejusque
2032 1636 2165 1685 faciat
2202 1652 2326 1686 ante-

271 1719 438 1766 riorem
467 1713 705 1774 capsulam.
772 1712 979 1756 Vitream
1018 1707 1220 1753 tunicam
1254 1704 1308 1749 ad
1340 1717 1628 1748 communem
1661 1701 1715 1746 ab
1749 1712 1852 1746 ortu
1887 1717 2065 1747 coronae
2099 1704 2238 1763 nigrae
2271 1704 2327 1749 ad

275 1781 494 1828 ambitum
539 1776 678 1837 usque
714 1775 848 1822 lentis
878 1771 1142 1832 crystallinae
1176 1766 1427 1819 adhaerere,
1477 1765 1638 1812 deinde
1666 1764 1956 1824 posteriorem
1992 1766 2126 1811 lentis
2157 1778 2327 1825 partem

275 1844 448 1891 vestire.
516 1843 571 1888 In
601 1843 721 1886 lente
740 1840 929 1884 nucleus
963 1834 1050 1886 est,
1086 1844 1256 1883 cortex,
1291 1833 1331 1875 &
1355 1832 1537 1889 aquula,
1604 1829 1873 1875 Membrana
1905 1829 2160 1876 communis
2191 1831 2328 1878 Ruy-

276 1921 511 1955 scnlANffi
541 1921 615 1965 per
645 1902 746 1951 vasa
773 1898 1044 1962 lymphatica
1071 1896 1252 1942 videtur
1279 1893 1521 1940 adhaerere.

405 1990 478 2048 EJ.
513 1984 736 2034 Methodus
762 1979 957 2029 curandae
973 1978 1119 2043 fistulae
1137 1974 1405 2035 lachrymalis
1440 1974 1592 2020 Wien
1617 1979 1748 2031 1762.
1779 1974 1852 2026 89·ι
1887 1973 1998 2020 Vias
2024 1975 2324 2023 lacrumarum

276 2052 523 2112 suspicatur
547 2052 695 2109 plures
721 2046 827 2100 effe,
860 2060 994 2104 quam
1030 2043 1144 2088 duos
1169 2042 1270 2085 illos
1294 2040 1434 2099 vulgo
1467 2050 1602 2083 notos
1633 2037 1796 2083 ductus
1835 2038 2120 2091 lacrumales‚
2164 2055 2328 2099 easque

278 2119 329 2166 in
339 2116 514 2163 saccum
529 2115 622 2173 ejus
637 2112 834 2158 nominis
849 2109 1090 2155 humorem
1108 2103 1290 2165 perinde
1304 2100 1478 2148 vehere.
1525 2103 1766 2147 Lacrumas
1780 2097 1908 2146 facile
1924 2102 1974 2147 in
1993 2117 2178 2148 mucum
2190 2104 2328 2152 abire.

413 2196 580 2244 Carolus
596 2191 1239 2256 AngustusVANDERMONDE,
1261 2184 1311 2230 in
1326 2182 1475 2231 China
1489 2193 1637 2235 natus,
1672 2179 1845 2228 Parisiis
1869 2195 2000 2240 1750.
2020 2180 2100 2241 4.*
2134 2182 2328 2246 disputa-

279 2263 348 2312 vit
375 2265 484 2322 Ergo
501 2256 730 2317 fizcceffiva
750 2260 942 2316 partium
957 2254 1074 2315 fetus
1106 2255 1158 2312 est
1181 2252 1417 2311 generatio.
1487 2244 1805 2306 Respondente
1831 2247 2115 2294 MALOETO.
2137 2262 2144 2264 ·

408 2343 581 2402 EJU-SD.
618 2337 677 2384 est
703 2334 796 2398 effiii
814 2336 894 2396 sur
919 2335 961 2381 la
990 2338 1174 2379 muniere
1197 2330 1247 2376 de
1274 2329 1581 2390 perfefflionner
1615 2326 1778 2388 l’espece
1805 2325 2002 2373 humine
2048 2328 2170 2375 Paris
2193 2335 2328 2387 1756.

286 2404 392 2456 12*
427 2404 597 2461 2.Vol.¹
648 2400 890 2447 Rhetorice
921 2398 1010 2457 agit
1049 2397 1103 2442 de
1139 2392 1511 2455 pulchritudine3
1552 2406 1649 2436 eam
1689 2406 1715 2436 a
1754 2389 2011 2450 symmetria
2053 2389 2187 2438 nasci.
2254 2393 2325 2438 De

281 2469 420 2520 causis
453 2466 628 2515 roboris
660 2466 699 2510 &
732 2460 1084 2523 pulchritudinis
1105 2476 1160 2505 ex
1188 2459 1470 2505 BUFFONIO.
1540 2455 1605 2500 Eo
1632 2452 1861 2507 conferre,
1899 2453 2060 2502 ficives
2076 2455 2330 2515 peregrinas

281 2537 491 2583 mulieres
526 2530 754 2576 duxerint.
832 2526 1064 2571 Particulae
1091 2522 1313 2582 organicae
1348 2517 1540 2565 cochleae
1563 2515 1697 2570 sunt,
1741 2519 1982 2577 virilesque
2017 2517 2208 2564 cochleae
2234 2534 2329 2562 non

282 2601 333 2646 in
357 2599 465 2644 alias
489 2602 777 2654 congruunt,
814 2586 896 2634 nisi
923 2588 971 2633 in
998 2585 1254 2632 femininas.
1324 2584 1576 2629 Humorem
1599 2581 1737 2627 amnii
1759 2583 1902 2627 alere:
1938 2581 2144 2627 tendines
2163 2580 2245 2633 effe
2264 2582 2332 2626 in-

282 2661 486 2713 sensiles,
523 2672 687 2704 nervos
725 2650 876 2699 tensos
917 2653 959 2696 &
989 2648 1182 2708 spitales.
1252 2648 1426 2693 Contra
1456 2646 1549 2692 vim
1584 2645 1923 2705 imaginationis
1950 2656 2177 2690 maternae.
2243 2644 2332 2691 Ra-

284 2726 473 2773 chiticos
505 2720 585 2768 effe
606 2733 795 2780 pueros,
833 2731 947 2775 quos
974 2714 1134 2759 dicunt
1158 2722 1255 2757 rota
1283 2708 1462 2756 fractos.

411 2806 514 2852 Hoc
538 2818 661 2848 anno
686 2801 819 2846 IDEM
846 2796 962 2856 cepit
985 2793 1112 2864 edere
1138 2790 1273 2837 suum
1296 2789 1487 2844 Journal
1513 2788 1564 2835 de
1591 2788 1823 2841 medecine‚
1871 2787 1923 2833 de
1950 2786 2163 2849 chirurgie
2192 2787 2251 2844 ἓξ
2282 2789 2335 2836 cle

280 2868 549 2979 phaz-lade,
581 2866 711 2925 cujus
742 2864 778 2910 Ι.
806 2873 958 2908 tomus
1005 2858 1127 2904 Paris
1149 2865 1283 2913 1754.
1324 2855 1364 2900 &
1399 2857 1635 2914 Argentor.
1664 2863 1798 2911 1757.
1832 2850 1911 2905 8.*
1957 2850 2031 2899 hic
2067 2853 2334 2900 Germanice

286 2950 369 2997 pro
421 2944 471 2979 itu

2229 3012 2332 3070 Joh.
