2531 3394
309 99 421 208 „³⁶8⁷
656 119 832 170 ‘ma
882 121 977 167 ιχ.
1055 102 1471 190 ANATOMEs
1521 80 1968 173 PERFEQTIO.
2044 167 2049 172 ,
2305 100 2355 187 g

308 219 453 266 colori
478 218 662 272 volatu,
698 217 953 278 plumarum
974 230 1130 264 annuo
1155 209 1296 273 lapsu.
1363 211 1530 272 Aliqua
1558 209 1616 256 ad
1641 222 1912 266 anatomen:
1938 212 2106 259 -avibus
2122 213 2363 275 rapacibus

306 282 487 329 feminis
513 282 606 329 duo
631 279 713 328 effe
735 298 848 329 caeca
871 278 1099 330 intestina,
1127 291 1274 323 unum
1291 276 1418 321 mari.
1485 275 1542 324 In
1559 274 1616 321 T.
1635 275 1696 321 ΙΙ.
1723 285 1859 332 1772.
1883 287 1930 332 4.
1945 274 2099 326 maxi*
2123 279 2165 324 &
2182 289 2231 336 4.
2247 280 2361 326 min,

306 348 361 394 &⁷
380 357 450 394 12.
487 347 640 407 aliquo
676 345 731 393 ad
760 341 1116 392 struthiocameli
1147 351 1428 386 anatomen:
1480 336 1708 384 *feminam
1737 340 1782 385 &
1817 339 1988 384 otidem
2015 338 2178 396 habere
2212 341 2360 390 testes.

309 411 472 470 Aliqua
493 410 548 457 ad
573 410 704 457 initia
725 410 839 470 pulli
871 409 920 454 in
947 422 1051 451 ovo,
1119 402 1215 450 Effe
1242 403 1429 465 gallinas
1448 436 1460 456 ‚
1501 401 1667 461 quibus
1686 399 1880 448 vesicula
1911 401 2029 449 fellis
2053 401 2133 450 sua
2165 403 2242 460 sit,
2280 399 2362 454 effe

307 475 474 535 quibus
498 476 636 521 nulla.
683 475 753 520 De
780 469 1052 533 hybridibus
1077 470 1241 528 aliqua.
1291 468 1467 514 Tomus
1485 467 1568 513 ΠΙ.
1595 464 1731 512 Paris.
1751 477 1882 525 1775.
1902 467 1980 525 4*
2007 466 2084 514 Cl.
2105 467 2324 531 GUENEA

311 555 426 600 opus
459 538 533 585 est.

403 612 408 617 i
437 621 508 667 Cl.
523 620 867 667 D’AUBENTQN
882 616 930 661 in
945 618 1077 661 Me'm.
1095 613 1145 660 de
1154 612 1326 660 l'Acad.
1345 623 1484 671 1751.
1502 609 1598 658 fuse
1610 611 1703 673 agit
1718 610 1772 658 de
1786 609 2075 671 hippomane.
2133 610 2362 661 Sedimen-

308 695 408 732 tum
426 683 506 743 effe
523 684 730 743 humoris
750 677 917 727 urinofi
933 713 946 732 ‚
967 682 1047 738 qui
1060 681 1180 725 inter
1200 676 1518 723 allantoideam
1541 675 1852 722 membranam
1865 677 1907 721 ἃ
1920 676 2107 722 amnion
2120 677 2226 738 equi
2239 693 2362 737 repe-

305 750 456 801 ritur3
505 747 657 794 similis
691 749 741 792 in
781 743 917 790 asino.
987 741 1275 789 Allantoidea
1310 741 1571 787 membrana
1604 740 1709 800 equi
1742 737 2031 799 imperfedlus
2075 739 2225 788 saccus
2259 739 2322 787 est
2343 773 2359 794 ,

306 829 441 872 quem
464 813 638 857 amnios
664 806 870 869 perficit:
913 808 963 854 in
988 823 1121 854 vacca
1149 804 1326 852 saccum
1359 802 1467 851 facit
1490 805 1720 865 integrum
1740 837 1753 857 ,
1794 802 1935 850 habet
1964 805 2100 850 etiam
2125 803 2360 866 hippoma-

303 892 408 933 ne85
446 888 543 922 tum
574 889 716 934 capra.

426 955 575 1017 Pergit
601 955 649 1001 in
673 972 726 1000 eo
752 955 903 1001 labore
924 970 962 1001 a.
983 965 1117 1012 1752.
1157 955 1199 1000 &
1225 951 1335 998 dicit
1358 951 1412 997 de
1442 960 1763 998 concremento
1795 949 1845 996 in
1871 939 2133 997 membrana
2156 951 2361 998 allantoi-

301 1020 382 1067 dea
401 1023 648 1067 multorum
676 1020 967 1072 animalium,
1003 1017 1128 1078 quod
1155 1030 1324 1064 vocant
1348 1015 1662 1076 hippomanes.

433 1105 485 1150 A.
509 1107 644 1159 1756.
672 1101 766 1162 agit
795 1101 849 1147 de
869 1099 1011 1146 sorice
1031 1134 1043 1153 ‚
1081 1101 1124 1146 ὃῑ
1152 1115 1201 1144 ea
1230 1096 1460 1144 occasione
1483 1096 1537 1142 de
1559 1095 1823 1142 animalium
1850 1094 2161 1142 varietatibus.

427 1185 480 1230 A.
508 1194 643 1239 1759.
676 1180 1017 1243 vespertiliones
1045 1178 1270 1226 describit.
1811 1233 1813 1236 Α

430 1266 481 1312 Α.
507 1272 640 1321 1762.
678 1264 731 1309 de
763 1264 938 1324 magnis
971 1260 1141 1308 offibus
1166 1262 1216 1307 in
1243 1258 1405 1307 Sibiria
1437 1257 1653 1317 repertis:
1697 1256 1751 1304 de
1778 1255 1970 1304 humero
2005 1256 2354 1318 camelopardali

298 1331 348 1379 in
381 1330 525 1375 Gallia
543 1362 555 1380 ‚
595 1329 636 1374 &
667 1328 720 1373 de
745 1328 939 1373 rosmari
964 1324 1131 1372 offibus
1154 1324 1209 1370 ad
1231 1323 1359 1371 Ohio
1388 1321 1431 1368 fl.
1462 1321 1621 1367 erutis.

434 1415 481 1457 A.
506 1416 640 1467 1766.
679 1410 899 1455 Foramen
926 1407 1131 1468 occipitis
1163 1407 1212 1452 in
1234 1404 1421 1451 homine
1455 1418 1568 1462 pene
1588 1402 1638 1448 in
1671 1402 1821 1449 medio
1854 1404 2006 1450 cranio
2033 1401 2137 1456 effe,
2173 1403 2224 1449 in
2248 1419 2356 1465 qua-

296 1474 572 1536 drupedibus
606 1471 698 1519 fere
720 1474 770 1519 in
793 1485 917 1534 parte
942 1472 1176 1534 postrema.
1250 1467 1394 1515 Causa
1423 1466 1557 1513 estin
1587 1465 1674 1513 fitu
1704 1469 1849 1513 erecto
1883 1469 1922 1514 &
1953 1469 2169 1528 pendulo.

223 1609 227 1612 ,
419 1556 470 1602 A.
492 1562 625 1613 1768.
662 1552 757 1600 fuse
783 1554 837 1599 de
859 1554 1022 1600 ovibus
1040 1588 1052 1606 ,
1089 1554 1130 1599 ὃς
1150 1567 1302 1597 earum
1331 1548 1611 1596 ventriculis.
1679 1549 1734 1594 ln
1757 1550 2065 1595 contractione
2093 1546 2354 1595 evanescere

291 1620 565 1672 reticulum,
600 1617 770 1665 renasci
806 1619 854 1664 in
883 1619 1173 1664 relaxatione.
1243 1614 1620 1661 Ruminationem
1665 1611 1745 1658 effe
1778 1615 1998 1658 actionem
2027 1613 2353 1660 voluntariam.

292 1686 385 1731 Iter
411 1685 512 1730 cibi.
606 1684 660 1729 In
700 1682 976 1728 ruminando
1005 1683 1093 1741 pila
1119 1677 1401 1726 alimentaria
1427 1693 1481 1722 ex
1510 1674 1708 1722 secundo
1740 1676 1997 1723 ventriculo
2032 1678 2082 1723 in
2114 1693 2165 1723 os
2203 1676 2348 1729 redit,

292 1746 519 1795 descendit
537 1748 705 1795 iterum
721 1748 772 1793 in
796 1748 1010 1797 tertium5
1046 1746 1095 1790 in
1123 1761 1202 1798 co,
1236 1757 1289 1790 ut
1312 1741 1668 1788 ruminationem
1691 1738 1850 1800 passus,
1877 1753 2082 1788 accurate
2103 1740 2350 1802 coquiitur.

853 1873 897 1932 ἕ.
933 1873 1165 1923 MXLV.
1265 1870 1501 1929 Franciscus
1533 1870 1774 1924 LAMURE,

242 2029 246 2032 ,
420 1974 680 2035 Discipulus
699 1974 906 2033 Francisci
926 1974 1172 2019 Bolssma.
1224 1970 1347 2031 EJus
1369 1966 1904 2029 Theoriainflcmtmatiomk
1935 1968 2089 2030 Bourg
2100 1968 2142 2016 S.
2156 1966 2352 2015 Andeol.

297 2051 430 2098 1743.
457 2038 534 2093 8.*
569 2037 741 2085 diversa
767 2055 791 2084 a
818 2035 1123 2097 disputatione
1155 2033 1367 2092 anctfii
1395 2033 1626 2079 BOJSSOER
1659 2031 1965 2089 (PORTAL.)

417 2121 587 2180 EJUSD.
627 2123 693 2165 De
726 2135 828 2166 vero
850 2116 1124 2175 meclmnifino
1142 2116 1429 2175 secretionum
1458 2117 1503 2159 in
1529 2126 1704 2173 corpore
1724 2110 1905 2159 lmmano
1976 2135 1979 2137 ·
2110 2111 2346 2172 174843*

288 2183 607 2231 Diverfitatem
628 2182 873 2229 humorum
896 2181 1175 2229 secretorum
1200 2180 1366 2240 repetit
1392 2194 1416 2224 a
1442 2175 1616 2224 diversa
1637 2174 1884 2223 solidarum
1903 2176 2100 2238 partium
2121 2178 2346 2239 cujusque

213 2264 218 2266 '
289 2249 378 2295 coli
405 2246 619 2294 densitate
651 2249 691 2292 &
717 2245 943 2292 firmitate.

415 2329 494 2389 EJ.
529 2329 771 2388 Qgcaestiones
790 2328 967 2374 Medica
991 2327 1099 2373 XII.
1134 2324 1359 2385 Monspel.
1382 2335 1515 2382 1749.
1546 2322 1625 2377 4*
1691 2322 1747 2368 In
1768 2322 1804 2368 Ι.
1833 2322 1905 2367 De
1931 2333 2063 2368 motu
2083 2320 2342 2369 musculari.

285 2396 474 2441 Aortam
497 2393 576 2437 vix
603 2391 720 2451 poffe
755 2392 896 2451 ligari,
929 2392 1041 2450 quin
1069 2406 1161 2436 una
1180 2391 1308 2436 nervi
1325 2386 1688 2446 intercipiantur.
1757 2386 1812 2431 In
1829 2383 2192 2433 sexta‘revinciis
2221 2402 2344 2447 mag-

284 2458 356 2503 nis
390 2472 553 2503 canum
577 2454 690 2501 valis
717 2455 771 2500 ad
806 2457 1021 2501 LOWER1
1050 2455 1236 2500 modum
1273 2452 1316 2499 se
1337 2452 1587 2512 hydropem
1612 2448 1881 2510 produxiffe.
1950 2448 2110 2497 Pulsus
2140 2452 2191 2496 in
2217 2448 2348 2495 febre-

281 2522 480 2581 maligna
494 2519 712 2575 rariorQ
730 2519 833 2563 Vll.
901 2519 952 2562 ln
970 2520 1126 2563 octava
1139 2517 1359 2564 urachum
1372 2529 1524 2562 tamen
1548 2515 1748 2560 canalem
1765 2512 1845 2558 effe
1858 2511 2075 2560 defendit.
2141 2514 2275 2559 Fetus
2291 2514 2342 2557 in

281 2597 411 2631 utero
444 2596 594 2630 tamen
628 2582 678 2628 in
714 2581 1034 2628 allantoideam
1058 2583 1234 2641 mingit.
1328 2581 1597 2638 Exemplum
1636 2578 1766 2636 pueri
1808 2575 2050 2629 calculosi,
2097 2578 2170 2622 cui
2206 2578 2341 2621 urina

281 2665 359 2708 per
382 2648 649 2705 umbilicum
675 2646 839 2691 exibat.
908 2645 962 2689 In
996 2645 1233 2690 undecima
1259 2644 1444 2691 visionis
1472 2643 1549 2688 dat
1572 2641 1821 2693 theoriam,
1860 2643 1902 2687 ἃ
1925 2640 2339 2699 complanationem

279 2714 413 2758 lentis
436 2711 728 2771 crystallinae,
766 2724 866 2769 quae
894 2708 947 2753 ab
980 2720 1109 2754 aetate
1135 2707 1200 2754 fit.

412 2794 530 2839 Cum
560 2793 609 2838 in
645 2808 748 2837 eum
783 2790 981 2836 libellum
1012 2786 1391 2834 animadvertiffet
1416 2791 1658 2833 Honoratus
1681 2785 1898 2836 ΡΕΤΙΟΤ,
1934 2783 2081 2829 tuitus
2112 2781 2172 2828 est
2196 2780 2238 2829 se
2258 2783 2330 2829 Cl.

279 2855 492 2902 LAMURE
517 2857 567 2901 in
599 2860 790 2901 examine
816 2851 1227 2908 animadverfionum
1260 2856 1304 2896 in
1329 2865 1546 2911 pareigon
1569 2849 1620 2894 de
1642 2847 1935 2907 anevryfinate
1969 2858 2105 2904 1749.
2124 2848 2201 2905 4*
2239 2848 2332 2893 Ne-

282 2931 356 2978 gat
385 2916 425 2964 st
457 2920 591 2979 plagii
616 2922 730 2965 recte
762 2916 999 2978 postulari,
1035 2913 1112 2961 etsi
1144 2915 1326 2960 arterias
1349 2930 1403 2958 ex
1422 2916 1661 2960 MONROO
1686 2908 1973 2970 descripserit.

401 3001 475 3059 123.
518 3000 746 3062 Conspeft'm
761 2998 1053 3062 plyfiologicus
1080 2994 1306 3057 Monspel.
1333 3006 1468 3052 1751.
1486 2992 1567 3051 4*
1632 2988 1880 3052 Inpreffum
1910 2989 1968 3037 est
1991 3005 2165 3037 nolnen
2192 2991 2326 3037 Fran-

2226 3054 2328 3114 czsci
