2531 3394
816 142 861 203 §.
904 156 1039 194 1200.
1082 148 1216 193 mor.
1283 141 1330 191 V
1366 141 1408 192 A·
1438 142 1482 191 R
1514 143 1614 197 1⁴12
1836 103 1839 106 ·
2119 144 2258 214 '5817'

187 277 378 341 mojedis
404 289 612 324 mammae
637 277 827 323 areolam
855 276 1027 337 nigram
1053 273 1161 330 effe,
1198 289 1419 322 mammas
1453 273 1627 336 semper
1658 275 1841 328 molles,
1880 275 2051 324 menses
2084 277 2238 338 'copio-

185 343 255 390 sos
275 375 288 395 ‚
320 341 601 402 pubertatem
632 338 763 401 supra
787 340 922 387 fidem
950 355 1209 401 praecocem.

316 424 371 470 In
397 423 613 469 ARTHUR
639 422 878 470 CONRADI
899 423 1169 468 ERNSTING
1202 418 1502 482 Beschreibung
1526 418 1604 467 der
1624 416 1908 479 Geschlechter
1930 419 2007 466 der
2033 421 2237 483 leanzen

181 488 404 548 LemgoW
427 494 560 544 1762.
580 485 660 544 4.*
686 486 834 547 agitur
850 485 983 530 etiam
998 485 1051 530 de
1063 500 1274 530 ranarum
1292 485 1599 545 generatione,
1615 486 1654 530 &
1671 483 1724 529 de
1740 484 2029 544 generatione
2042 486 2239 532 univoca

184 553 225 598 &
255 553 490 612 aequivoca
511 585 523 604 ‚
561 553 602 596 ἃ
629 560 916 609 comparatur
939 549 1204 609 propagatio
1228 549 1484 608 plantarum
1514 564 1618 594 cum
1638 548 1903 594 animalium
1930 548 2238 607 generatione.

312 645 539 695 Leberecht
563 644 763 707 Ehregott
790 639 1116 698 SCHIsHFADER³
1156 643 1401 706 Chirurgi,
1438 642 1722 706 chirurgische
1739 642 2001 703 Geschichte‚
2031 647 2110 689 mit
2128 642 2243 692 theo-

182 710 387 772 retzschen
419 711 510 757 und
526 707 787 770 prailischen
809 708 1139 771 Amnerlzungen
1170 708 1391 755 Chemniz
1420 715 1551 766 1762.
1581 708 1660 763 8.*
1728 707 1862 756 Fusas
1895 710 1943 754 in
1981 709 2240 768 explicatio-

183 793 262 822 nes
296 774 408 822 solet
434 773 476 821 se
509 770 779 826 diffundere,
809 775 850 819 &
880 776 1073 832 partium
1091 771 1368 819 adfectatum
1387 777 1661 820 anatomicas
1688 771 2024 833 descriptiones.
2062 773 2098 818 A
2119 771 2243 832 prin-

184 840 302 899 cipio
330 840 785 886 ZIMMERMANNUM
805 839 849 883 ἃ
871 838 1298 890 HEUERMANNUM,
1329 837 1595 885 inventores
1616 849 1669 885 ut
1692 850 1840 899 putat,
1864 834 2084 884 insenfilis
2111 848 2245 882 natu-

183 920 243 950 1ae
263 904 527 955 tendinum,
560 901 721 961 cupide
751 899 933 948 refutat.
1209 912 1225 921 *

311 985 356 1031 P.
379 985 438 1030 11.
470 999 509 1030 a.
539 989 629 1042 176
636 995 673 1039 3.
703 980 780 1037 8.*
814 982 932 1029 vidit
961 993 1112 1030 cutem
1134 984 1185 1029 in
1214 982 1456 1044 gelatinam
1484 980 1661 1030 resolvi.

308 1067 366 1114 T.
390 1067 474 1113 ΙΙΙ.
502 1082 541 1112 a.
569 1072 658 1123 176
667 1078 704 1124 5.
727 1063 808 1119 8.*
874 1064 967 1110 Vix
992 1063 1081 1111 huc
1103 1062 1225 1111 facit.

309 1153 431 1204 Juczn
456 1148 554 1194 Lutis
574 1148 759 1194 ROCHE
783 1162 943 1191 nuevae
957 1163 990 1205 y
1014 1163 1142 1192 raras
1163 1145 1475 1204 observationes
1486 1158 1605 1208 para
1624 1149 1917 1210 prognosticar
1942 1148 2004 1195 las·
2029 1147 2247 1210 crisesper

183 1216 224 1263 el
241 1212 361 1277 pulso
397 1247 408 1258 .
478 1245 488 1257 .
559 1245 569 1255 .
644 1217 780 1267 1762.
802 1221 846 1267 4.
917 1211 1105 1257 SOLANI
1131 1208 1469 1257 observationes
1498 1213 1694 1272 collegit.

312 1298 360 1349 J.
385 1293 572 1353 Baptzstae
596 1290 804 1338 Ludovici
832 1292 1053 1342 CHOMEL
1087 1289 1197 1353 Effizi
1220 1290 1442 1353 historique
1453 1292 1534 1352 fitr
1555 1293 1599 1339 la
1619 1292 1828 1340 medecine
1857 1311 1906 1340 en
1935 1297 2098 1340 France
2122 1295 2247 1342 Paris

191 1366 326 1418 1762.
360 1356 467 1403 12.*
503 1356 658 1416 magni
682 1356 830 1416 operis
854 1355 1140 1415 prodromus.
1194 1357 1380 1403 Librum
1409 1373 1512 1402 cum
1540 1359 1679 1403 titulo
1701 1356 1937 1406 recherches
1947 1357 2029 1418 sur
2051 1359 2250 1422 l'origine

184 1424 236 1470 de
265 1424 307 1469 la
328 1419 539 1482 chirurgie
563 1417 659 1465 fuse
688 1418 873 1473 refutat,
909 1422 950 1466 &
979 1418 1198 1466 haetenus
1225 1433 1471 1467 anatomen
1496 1420 1707 1482 adtingit.

315 1507 466 1550 Marci
494 1520 539 1547 v.
569 1502 809 1549 PHELSUM
837 1500 1008 1562 historia
1027 1499 1194 1562 phyfica
1220 1501 1465 1560 ascaridum
1507 1503 1851 1551 LeeuWaarden
1873 1508 2008 1563 1762.
2042 1507 2115 1557 8.*
2165 1504 2251 1550 Ca-

185 1581 297 1630 put,
331 1566 596 1614 intestinum
623 1567 913 1613 contr-actile,
949 1566 1073 1612 aliud
1097 1567 1147 1613 in
1170 1564 1333 1627 spiram
1366 1567 1727 1614 circumductum
1747 1602 1759 1621 ‚
1798 1569 1922 1629 quod
1957 1568 2137 1615 videtur
2164 1566 2265 1615 effe.¹

189 1633 473 1681 ovi-ductus,

315 1715 390 1774 EJ.
431 1711 562 1773 Brief
575 1729 660 1758 nan
685 1712 994 1759 HOUTTUYN
1029 1711 1343 1759 Leeuwarden
1368 1723 1505 1770 1770.
1537 1711 1616 1766 8.*
1651 1712 1705 1759 de
1729 1711 2017 1760 ascaridibus.

317 1797 392 1854 EJ.
410 1795 460 1840 in
475 1796 767 1841 ORTESCHH
786 1792 928 1838 diario
940 1793 1150 1839 Venetiis
1163 1793 1284 1840 edito
1303 1801 1439 1850 1766.
1455 1794 1603 1854 aliqua
1619 1796 1749 1842 etiam
1766 1795 1819 1841 dc
1831 1793 2120 1841 ascaridibus.
2147 1796 2269 1843 Ova-

190 1875 243 1905 ex
265 1859 424 1905 dextro
448 1860 583 1904 latere
606 1855 700 1902 fiffo
720 1855 974 1903 ascaridum
993 1856 1218 1917 prodiisse.
1284 1855 1405 1903 Vasa
1427 1858 1583 1906 mediae
1598 1860 1870 1920 cartilaginis
1895 1857 2177 1921 epiphyfium
2191 1859 2255 1908 fe-

188 1924 327 1970 moris
354 1939 409 1968 ex
430 1919 665 1982 superficie
690 1932 810 1966 nata.

314 2007 496 2050 Antonii
522 2003 715 2060 Cajetani
740 2003 918 2050 PUIATl
956 2002 1064 2049 della
1087 2004 1415 2064 preservazione
1446 2003 1554 2050 della
1579 2004 1720 2063 fizlute
1758 2003 1809 2050 de
1839 2004 2035 2052 letterati
2077 2005 2266 2054 VeneZ.-

194 2074 329 2126 1762.
356 2065 432 2121 8.*
497 2065 608 2113 Fuse
636 2067 689 2112 de
716 2065 1038 2128 perspiratione
1062 2066 1286 2121 insenfili,
1325 2085 1461 2128 quam
1492 2069 1622 2115 valde
1653 2068 1934 2115 neceffariam
1965 2068 2046 2117 effe
2075 2068 2253 2129 persua-

191 2133 336 2178 detur.
404 2130 570 2177 Eadem
610 2129 714 2176 vasa
753 2131 794 2176 ei
821 2129 1005 2177 humori
1031 2143 1181 2192 patere
1218 2135 1258 2179 &
1286 2131 1455 2179 sudori.
1524 2133 1782 2179 FONTANA
1821 2135 1861 2179 &
1894 2135 2174 2182 CALDANUS
2210 2134 2251 2180 ei

191 2208 366 2241 motum
406 2195 728 2256 peristalticum
756 2194 1079 2242 intestinorum
1108 2196 1492 2243 demonstrarunt.
1578 2197 1766 2243 Aortam
1798 2214 1822 2243 a
1850 2197 1977 2259 pastu
2012 2215 2110 2245 non
2146 2214 2253 2246 con-

191 2274 340 2319 primi.

224 2400 238 2447 1
291 2335 542 2448 ΓΒΑυΜῐί,
579 2339 807 2387 chemicus
837 2342 878 2387 ὃς
898 2339 1266 2402 pharmacopola.
1333 2339 1494 2389 Paffim
1521 2353 1765 2388 anatomen
1796 2341 1986 2405 adtigit,
2024 2356 2101 2391 aut
2134 2356 2250 2391 certe

194 2419 221 2462 p
238 2418 287 2462 iy
307 2404 538 2463 iologiam.
1862 2434 1864 2437 -

318 2484 393 2545 EJ.
430 2485 615 2531 Elemens
639 2484 690 2530 de
708 2483 959 2546 pharmacie
978 2483 1196 2546 theorique
1224 2484 1282 2542 r&
1297 2491 1501 2548 pratique
1542 2487 1664 2534 Paris
1687 2494 1822 2544 1762.
1849 2486 1924 2542 8.*
1989 2488 2059 2536 Ad
2083 2489 2272 2535 animas

194 2548 307 2595 lium
338 2549 473 2595 etiam
506 2548 739 2607 produeia.
811 2549 1076 2608 Franciscum
1104 2551 1348 2598 ROUELLE
1386 2567 1481 2596 non
1505 2551 1674 2597 bonam
1703 2551 1862 2598 dediffe
1885 2554 2065 2599 mumiae
2097 2554 2252 2612 analy-

192 2610 260 2659 fin
283 2614 364 2659 ἕζεο.
432 2613 501 2658 De
524 2613 794 2671 mucilagine
823 2613 972 2666 testae,
1007 2630 1032 2659 a
1064 2629 1151 2673 qua
1181 2615 1278 2674 ejus
1310 2613 1501 2661 firmitas
1524 2613 1591 2661 sit.

321 2695 498 2755 EJUSD.
539 2694 727 2740 Mnnuel
741 2694 792 2740 de
815 2692 973 2753 chymie
1004 2694 1065 2740 ib.
1090 2700 1224 2753 1765.
1259 2695 1365 2744 12.*
1414 2697 1620 2743 Calorem
1646 2694 1988 2755 putref'adtionis
2028 2697 2274 2757 pertinere¹

195 2757 251 2804 ad
282 2756 708 2810 fermentationem,
746 2775 848 2818 quae
881 2759 1127 2818 praecedat:
1164 2758 1304 2820 ipsam
1329 2759 1706 2821 putrefactionem
1739 2762 1930 2806 calorem
1961 2777 2057 2806 non
2088 2760 2249 2810 facere.

195 2822 402 2868 Putridas
433 2824 607 2881 plantas
633 2823 794 2881 utique
820 2822 923 2868 dare
952 2822 1007 2868 ad
1029 2823 1183 2883 ignem
1213 2823 1349 2870 salem
1378 2826 1609 2871 volatilem
1637 2842 1649 2875 3
1698 2821 1937 2870 cruciferas
1975 2826 2111 2871 etiam
2128 2841 2132 2849 ··
2154 2825 2257 2872 abs-

196 2901 283 2943 que
309 2886 562 2944 putredine.
631 2887 745 2932 Dari
761 2887 939 2940 urinas,
977 2903 1076 2947 quae
1093 2885 1309 2948 syrupum
1329 2889 1554 2935 violarum
1577 2887 1713 2932 viridi
1737 2889 1886 2933 colore
1907 2888 2104 2949 tingant,
2120 2909 2123 2912 ’
2138 2891 2270 2936 ίιὶἰῐιεἸ

199 2964 299 3008 quae
311 2949 472 2997 rubro:
494 2949 575 2999 has
589 2952 668 3013 qui
681 2950 975 3005 reddunt2eos
990 2951 1142 2999 minus
1156 2954 1329 2999 calculo
1345 2952 1565 2999 obnoxias
1580 2949 1674 2998 effe.
1687 2951 1756 2997 De
1769 2948 1975 3001 saccharo
1995 2953 2120 3003 lae‘tis'
2134 2951 2249 3000 fuse.
2264 2986 2270 2990 ·

1234 3048 1316 3097 Ee
1351 3059 1482 3097 eez
2172 3049 2269 3111 Ep
