2531 3394
582 125 628 184 S.
664 138 767 185 131.
812 138 912 183 132.
981 116 1484 172 THEOPHILUS
1521 116 1843 166 BORDEU.
2138 128 2244 174 '347

186 259 403 306 crementi
428 256 611 305 succum
638 257 719 304 effe
743 249 936 304 alibilem
965 272 1062 302 non
1082 247 1457 300 satisextensum.
1526 249 1702 295 Contra
1722 250 2027 306 experimenta
2045 247 2237 301 inyivis.

185 323 457 369 animalibus
473 320 612 376 sacta,
650 324 773 382 quod
792 323 951 382 utique
970 337 1024 366 ex
1047 319 1102 365 iis
1129 316 1337 364 tendines
1365 316 1406 361 δι
1426 315 1669 375 ligamenta
1684 310 1816 357 sensu
1843 327 1989 357 carere
2011 313 2233 360 videatur.

310 405 387 466 EJ.
423 403 674 451 Recherches
687 405 770 464 sur
793 405 831 449 le
846 402 972 464 pouls
993 413 1080 461 par
1100 409 1365 459 raportaux
1391 395 1515 454 crises
1547 395 1671 441 Paris
1693 399 1827 451 1756.
1858 391 1964 439 12.*
2008 394 2141 439 Nova
2159 393 2231 440 hic

183 469 391 530 plurima.
462 473 498 516 A
540 470 748 526 Francisci
776 469 982 514 SOLANO
1010 464 1143 509 novis
1173 459 1374 522 pulsibus
1398 461 1610 506 incitatus
1640 458 1780 511 vidit,
1824 472 1928 504 cum
1962 458 2111 502 virum
2135 459 2234 502 lon-

181 551 237 594 ge
267 534 377 580 citra
403 549 562 580 verum
592 529 839 579 substitisse.
909 526 1005 589 Ipse
1042 530 1186 588 primo
1219 524 1399 587 pulsum
1427 524 1720 570 irritationis,
1758 525 1931 568 arctum
1963 522 2004 566 ἃ
2038 519 2199 566 siccum
2219 555 2232 573 ,

184 600 226 644 ἃ
256 595 435 658 pulsum
459 597 702 648 coctionis,
740 591 985 654 expansum
1009 592 1209 638 admittit
1226 625 1238 644 ,
1267 589 1403 636 istum
1421 587 1593 648 semper
1616 586 1866 634 salutarem.
1935 583 2115 630 Deinde
2141 586 2237 642 pul-

174 661 283 721 ·sum
301 662 508 708 criticum
523 662 595 707 vel
616 658 889 719 superiorem
916 655 1048 709 facit,
1087 659 1136 703 in
1161 671 1253 716 quo
1275 656 1437 701 unicus
1461 654 1577 700 ictus
1601 652 1650 698 in
1666 653 1779 698 duos
1793 651 2021 697 celerrime
2034 645 2238 710 sesubse-

187 739 378 785 quentes
398 723 548 786 pulsus
568 723 788 770 dividitur
806 740 819 774 3
849 723 921 768 vel
935 719 1195 767 inferiorem
1215 737 1226 765 τ
1266 719 1448 765 demum
1462 715 1635 777 separat
1647 714 2057 776 pulsusinaequalcs
2070 712 2240 771 iniquis

182 788 225 835 se
244 789 492 836 intervallis
509 786 759 847 sequentes.
829 785 1043 845 Superior
1060 801 1192 845 porro
1216 800 1291 844 per
1311 781 1390 829 sua
1405 780 1547 842 ligna,
1584 779 1769 826 hicnon
1787 777 2023 840 repetenda
2039 811 2051 829 ,
2087 775 2240 822 distin-

181 855 339 915 guitur
364 854 413 898 in
442 853 744 912 gutturalem‚
783 851 1075 910 pectoralem,
1113 846 1416 908 cephalicum,
1460 843 1670 891 nasalem.
1742 842 1937 890 Inferior
1964 843 2131 888 iterum
2169 840 2239 885 in-

178 917 394 964 testinalis
417 915 493 968 est,
522 915 599 960 iste
618 915 942 966 intermittens,
973 914 1087 959 alius
1111 911 1356 963 emeticus,
1392 908 1648 956 menstruus
1674 910 1756 954 &c.
1824 905 1984 954 Pulsus
2012 907 2144 952 etiam
2163 903 2239 949 alii

181 998 235 1027 ex
271 980 453 1027 duobus
487 979 728 1039 generibus
757 988 1125 1037 componuntur,
1163 974 1303 1021 nasali
1328 977 1370 1021 ὃς
1405 974 1653 1035 gutturali,
1699 974 1741 1019 &
1775 969 1831 1018 fic
1863 987 2012 1031 porro.
2082 969 2237 1016 Multo

182 1046 311 1103 plura
337 1045 606 1090 omittimus.
691 1044 1031 1089 BOERHAAVIO
1064 1042 1250 1100 iniquus
1287 1039 1337 1085 in
1358 1036 1623 1085 universum
1650 1073 1662 1090 ,
1700 1039 1741 1082 &
1764 1033 2085 1086 irritabilitati,
2136 1048 2238 1092 qua:

182 1125 235 1154 ex
262 1107 533 1155 methodicis
563 1118 778 1154 renovata
797 1103 863 1151 fit.
933 1105 1120 1165 Anglice
1148 1103 1344 1150 London
1372 1113 1505 1161 1765.
1532 1109 1571 1156 8.

308 1191 362 1236 In
381 1206 550 1250 nupera
565 1189 765 1235 editione
792 1184 926 1234 Paris.
950 1192 1084 1245 1768.
1113 1199 1183 1232 12.
1207 1183 1398 1231 2.V01.*
1434 1186 1574 1244 inque
1590 1181 1789 1229 secundo
1811 1181 2064 1233 volumine,
2094 1180 2239 1225 multa

177 1253 390 1310 admiscet
413 1288 424 1307 ,
466 1256 506 1300 ὃς
542 1253 799 1300 testimonia
825 1251 1038 1313 producit
1067 1251 1306 1297 doctorum
1349 1249 1402 1296 de
1437 1247 1528 1296 suis
1567 1245 1786 1310 pulsibus.
1853 1245 2076 1294 Nostrum
2103 1244 2237 1290 unice

178 1317 448 1365 distulimus.

305 1401 361 1447 In
400 1400 557 1447 recueil
584 1400 656 1446 des
676 1403 842 1462 pie'ces,
879 1403 954 1461 qui
978 1411 1053 1446 ont
1080 1415 1292 1445 concouru
1304 1410 1420 1460 pour
1448 1398 1485 1444 le
1499 1401 1609 1459 prix
1630 1395 1681 1442 de
1702 1392 1965 1442 l’Academie
1990 1391 2154 1452 Royale
2185 1390 2238 1437 de

183 1463 403 1526 Chirurgie
430 1466 484 1512 T.
503 1465 586 1511 111.
623 1466 746 1511 Paris
768 1477 901 1523 1759.
931 1463 1013 1523 4*
1048 1464 1141 1524 agit
1170 1462 1223 1509 de
1251 1462 1532 1523 scrophulis,
1579 1477 1689 1522 quas
1716 1459 1771 1506 ab
1799 1459 1927 1506 acido
1959 1456 2155 1512 deducit,
2185 1455 2238 1503 in

173 1528 446 1577 humoribus
472 1529 827 1576 monticolarum
862 1528 1135 1581 abundante,
1165 1529 1206 1574 &
1230 1544 1284 1574 ex
1308 1528 1455 1575 multo
1479 1527 1602 1574 lactis
1630 1523 1714 1572 usu
1736 1535 1862 1572 nato.

306 1610 482 1660 Recusa
505 1611 566 1658 est
594 1629 698 1658 cum
728 1610 932 1672 sequenti
954 1612 1107 1658 libello

310 1693 561 1742 Recherches
582 1694 664 1753 sur
688 1695 726 1740 le
753 1693 851 1756 tiffit
876 1691 1176 1755 nmquam&
1195 1693 1386 1755 l’organe
1411 1691 1623 1739 cellulaire
1652 1691 1775 1738 Paris
1798 1695 1932 1749 1766.
1969 1685 2080 1735 12*
2123 1689 2236 1736 Ger-

168 1759 352 1806 manice
382 1759 533 1805 Wien
567 1770 700 1816 1772.
726 1765 767 1812 8.
836 1760 950 1805 Non
974 1756 1108 1818 poffis
1133 1770 1251 1804 certe
1275 1757 1486 1818 probare,
1527 1757 1652 1816 quod
1678 1756 1748 1802 vir
1774 1756 1841 1801 Cl.
1865 1766 2008 1800 totam
2027 1753 2144 1800 hanc
2168 1752 2235 1799 hi-

176 1824 359 1869 storiam
372 1825 435 1869 ita
457 1823 625 1875 tradat,
661 1836 713 1869 ut
725 1834 855 1883 putes
868 1840 891 1868 a
911 1823 1092 1868 nemine
1107 1823 1232 1882 prius
1247 1819 1374 1867 fuiffe
1389 1821 1612 1867 traditam.
1650 1821 1708 1866 Et
1724 1832 1877 1866 tamen
1894 1818 2068 1864 dudum
2086 1817 2235 1877 digni-

175 1900 243 1934 tas
258 1885 476 1934 cellulosae
493 1889 606 1940 telae,
638 1888 678 1933 Sc
698 1903 979 1948 magnarum,
1004 1902 1114 1946 quas
1131 1889 1181 1932 in
1198 1885 1516 1945 componendo
1535 1885 1720 1931 animali
1737 1899 1925 1942 corpore
1941 1880 2128 1929 sustinet
2141 1897 2236 1941 par-

175 1953 320 2003 tium3
351 1953 391 1998 ἃ
405 1951 533 2012 origo
548 1968 603 1997 ex
621 1952 844 2012 gelatina;
878 1953 920 1997 ἃ
934 1951 1125 1997 coalitus
1138 1952 1187 1995 in
1206 1949 1489 1995 membranas
1508 1951 1548 1996 ἃ
1561 1950 1789 1995 naturales
1805 1949 1846 1994 &
1862 1947 1977 1994 vitio
2001 1959 2155 1998 nata83
2193 1947 2235 1991 &

175 2016 442 2076 conjunctio
470 2017 730 2062 cellularum
758 2028 1002 2075 perpetua,
1041 2018 1082 2061 ἃ
1123 2013 1349 2061 exhalatio
1386 2015 1435 2059 in
1463 2030 1536 2059 eas
1570 2014 1751 2059 cellulas
1770 2046 1783 2065 ,
1831 2013 1873 2058 &
1902 2023 2131 2057 motorum
2159 2027 2235 2070 per

174 2096 272 2126 eam
297 2082 431 2126 telam
460 2096 700 2139 corporum
727 2079 975 2125 fluidorum
1003 2080 1045 2125 &
1075 2077 1326 2125 solidorum
1348 2078 1514 2124 itinera
1541 2094 1565 2123 a
1586 2077 1839 2126 KAAUWm
1867 2075 2147 2135 aqueffnobis
2172 2075 2236 2120 di-

177 2147 246 2191 &a
273 2142 468 2191 fuerant.
538 2145 731 2203 Reliqua
751 2142 880 2189 facile
896 2141 1212 2204 adgnoscimus
1224 2144 1534 2190 THEOPHILO
1562 2141 1742 2201 propria
1762 2159 1774 2194 3
1809 2153 1863 2187 ut
1880 2140 2105 2199 originem
2123 2150 2232 2185 tem-

177 2221 544 2267 peramentorum
565 2242 576 2262 ,
616 2205 680 2267 [fi
708 2207 922 2254 humores
944 2223 1108 2253 nervos
1136 2209 1176 2254 ὅ(
1197 2205 1430 2253 musculos
1451 2203 1725 2264 excluseris)
1746 2223 1758 2257 3
1794 2205 1887 2251 vim
1907 2205 2232 2255 contractilem,

175 2269 208 2317 fi
232 2269 363 2331 supra
387 2274 556 2318 lentam
587 2274 629 2319 ἃ
654 2270 996 2332 inconspicuam
1021 2271 1114 2317 vim
1145 2271 1316 2330 aliquid
1338 2268 1563 2317 efficacius
1587 2270 1732 2321 velis,
1767 2268 2110 2329 bipartitionem
2139 2283 2235 2313 cor-

176 2336 298 2395 poris
325 2334 517 2382 humani
546 2338 588 2383 &
617 2334 814 2383 arteriofi
834 2335 1113 2396 systematis,
1151 2338 1192 2383 &
1214 2335 1551 2381 intestinorum.
1620 2332 1861 2380 Phrenicas
1879 2333 1996 2378 vires
2021 2332 2088 2378 Cl.
2111 2330 2162 2377 de
2189 2331 2234 2376 la

176 2400 312 2445 CAZE
332 2400 438 2446 alias
454 2400 669 2446 dicemus.
740 2401 966 2447 Caeterum
989 2417 1042 2446 ex
1069 2400 1172 2460 gelu
1199 2397 1335 2446 fibras
1359 2399 1599 2445 ambeunte
1622 2395 1885 2444 cellulosum
1913 2408 2093 2442 textum
2115 2392 2233 2440 nasci

175 2462 334 2509 docet:
370 2465 490 2510 inter
508 2464 621 2510 duas
635 2481 835 2524 quasque
857 2462 995 2511 fibras
1020 2462 1209 2510 nervosa
1232 2462 1464 2509 filamenta
1479 2463 1674 2522 plurima
1686 2460 1782 2515 effe,
1811 2460 1922 2507 &ad
1938 2462 2110 2520 vaginae
2137 2474 2230 2502 mo-

175 2527 285 2573 dum
304 2525 440 2574 fibras
458 2528 642 2580 ambire,
669 2527 869 2588 vasisque
891 2545 1051 2574 carere.
1123 2528 1206 2573 Per
1227 2526 1413 2587 spatiola
1427 2527 1691 2573 cellularum
1705 2525 1993 2571 humoresire
2011 2525 2051 2569 ἅ
2071 2520 2229 2573 redire,

173 2591 333 2638 flatum
367 2593 542 2639 easdem
567 2592 664 2638 vias
703 2608 976 2652 percurrere.
1045 2592 1121 2639 Ali
1147 2607 1171 2637 a
1200 2592 1331 2652 juxta
1357 2588 1580 2652 positione
1607 2588 1727 2636 succi
1756 2589 1951 2635 nutritii.
2042 2585 2230 2644 Vaginae

179 2657 437 2708 exteriores,
473 2653 709 2708 cellulosae,
738 2672 1005 2717 magnarum
1021 2655 1400 2702 membranarum.
1471 2655 1596 2702 Sacci
1621 2652 1820 2700 cellulofi
1835 2665 2028 2698 artuum.
2096 2650 2136 2694 V
2143 2648 2232 2709 agi-

174 2735 256 2765 nas
284 2721 625 2780 aponeureticas
659 2720 857 2779 primum
893 2719 1124 2767 nascentes
1166 2736 1343 2766 merum
1374 2717 1454 2766 effe
1483 2731 1659 2766 textum
1691 2714 1968 2764 cellulosum.
2038 2713 2230 2774 Vaginae

175 2782 396 2830 cellulosae
426 2783 544 2844 inse
569 2785 767 2831 invicem
794 2796 1012 2844 reagunt,
1065 2786 1106 2831 &
1129 2782 1317 2831 viciffim
1349 2781 1392 2830 se
1416 2782 1622 2830 trahunt.
1693 2781 2024 2828 Obllruclories
2054 2778 2095 2823 &
2124 2793 2232 2823 con-

174 2845 505 2904 gestionesfieri
520 2865 650 2896 motu
662 2847 905 2895 humorum
921 2865 999 2910 per
1011 2847 1203 2896 cellulos
1197 2865 1241 2895 as
1255 2849 1366 2895 telas
1382 2848 1612 2909 impedito.
1643 2845 1727 2890 Eas
1741 2845 1848 2890 telas
1863 2858 1886 2887 a
1902 2839 2012 2887 vasls
2026 2842 2231 2888 &nervis

174 2907 353 2956 sensum
370 2912 533 2960 habere
560 2915 602 2961 &
627 2925 821 2960 motum.
892 2915 1018 2960 Inter
1043 2911 1145 2961 vasa
1166 2928 1447 2973 nervosque,
1478 2924 1612 2971 atque
1646 2910 1764 2954 inter
1793 2903 2067 2952 resistentem
2093 2907 2229 2951 cellu-

136 3044 139 3047 .
175 2969 317 3019 lofam
365 2977 500 3024 telam
522 3012 535 3032 ,
597 2991 868 3040 perpetuum
898 2977 978 3025 else
1029 2976 1396 3041 antagonismum
1421 3010 1434 3029 ,
1493 2978 1534 3022 &
1566 2970 1775 3022 vasorum
1817 2984 1952 3031 atque
1982 2985 2233 3017 nervorum

1287 3043 1336 3090 X
1352 3057 1381 3087 x
1414 3051 1442 3089 2
2128 3033 2221 3081 vim
