2531 3394
298 140 394 194 464
703 134 839 180 ΜΒ.
891 134 984 179 IX.
1051 114 1464 178 ANAToMES
1516 124 1950 174 PERFECTIo.

355 329 370 375 l
415 267 473 374 1J.
497 260 669 375 Ξῶιὲέἱιζιιν
680 262 873 310 Felicitas
903 260 979 308 Du
1002 260 1106 307 FAY
1141 261 1189 305 Ε.
1207 254 1396 320 fluidum
1421 270 1625 302 nerveum
1649 254 1700 315 est
1714 253 1904 316 fluidum
1925 254 2159 304 elefflicum
2194 251 2351 304 Mons-

318 344 353 375 ιε
373 364 384 376 .
540 362 552 373 .
621 362 632 374 .

297 345 317 390 I
419 339 618 456 λζιῖνιίηὲ
651 408 914 456 NOUGUEZ
948 405 1233 482 Ergggetina
1262 404 1527 464 primarium
1561 398 1677 459 visus
1719 416 1928 462 organum
1967 399 2102 448 Paris
2130 413 2268 462 1750.
2300 412 2349 460 4.

301 475 357 520 R.
379 476 487 548 ¹Car.
523 474 742 523 GJLLOT.

436 558 535 602 Car.
567 553 685 601 Frid.
714 554 987 598 DEsPEAUX
1015 549 1056 594 ὃς
1087 551 1238 594 Franc.
1269 547 1322 593 de
1349 546 1487 593 Paula
1511 545 1878 592 COMBALUSIER
1919 545 1991 590 An
2019 544 2096 591 diu
2126 543 2244 592 homo
2260 544 2351 604 stne

299 617 392 667 cibo
404 631 608 681 potuque,
633 614 691 672 &⁴
709 620 856 661 vivere
875 610 934 668 ἓξ
948 612 1095 657 valere
1099 613 1270 672 potest?
1309 608 1444 656 Paris.
1465 622 1599 667 1750.
1624 620 1669 666 4.
1705 609 1874 655 Vivere
1886 607 2044 667 potest,
2073 624 2169 654 non
2182 610 2346 656 valere.

432 703 584 747 Franc.
614 697 664 744 de
683 697 821 744 Paula
841 696 1201 741 COMBALUSIER
1229 694 1273 738 ἃ
1297 691 1465 738 Ludov.
1494 693 1626 738 Anna
1644 692 1944 739 LAVIROTTE
1976 693 2023 736 E.
2045 688 2164 736 calor
2187 692 2352 736 anima-

300 764 349 811 Ιιίς
377 763 430 810 ab
462 762 633 810 adtritu
657 766 699 807 in
727 757 998 820 capillaribus
1030 753 1160 802 Paris.
1191 750 1325 814 1750.
1361 767 1410 813 4.

299 843 592 966 ParisLisslog
613 842 739 964 {lexa
763 841 1025 888 GERVAISE
1054 839 1095 884 &
1114 841 1270 885 Petrus
1295 836 1517 884 AeAnssE
1547 840 1653 884 Non
1681 852 1777 898 ergo
1801 836 1921 898 fetus
1951 838 1996 881 in
2024 845 2147 881 utero
2172 832 2355 896 respirat

430 943 598 1035 Luciov.
631 992 812 1034 Hieron.
841 986 1066 1033 COSNIER
1098 983 1140 1028 &
1161 980 1269 1027 Lud.
1301 985 1421 1028 Petr.
1455 980 1537 1027 Fel.
1561 984 1667 1028 Ren.
1694 979 1733 1027 le
1751 980 2044 1027 THUILLIER
2080 984 2127 1027 Ε.
2140 984 2353 1042 praecipua

300 1056 346 1099 in
369 1052 565 1114 pulmone
583 1051 700 1111 fitcci
720 1053 900 1096 nutritii
921 1049 1140 1108 separatio
1173 1043 1306 1092 Paris.
1329 1057 1464 1102 1750.
1497 1057 1542 1103 4.
2055 1043 2066 1066 ἵ

428 1137 559 1180 Anna
592 1136 689 1180 Car.
713 1133 964 1179 DOMGNY
993 1130 1034 1175 &
1056 1131 1103 1182 J.
1132 1131 1252 1188 Bapt.
1272 1128 1533 1173 THURANT
1581 1129 1627 1172 E.
1649 1126 1876 1186 succorum
1904 1123 2214 1187 dzffolventium
2244 1123 2352 1171 αὲἶὶο

292 1201 552 1260 pracipuum
569 1200 630 1260 fit
656 1196 885 1258 digestionis
916 1194 1232 1254 instrumentum
1266 1188 1396 1236 Paris.
1421 1201 1555 1247 1750.
1596 1201 1642 1247 4.

430 1277 640 1338 Ambrofii
668 1278 844 1328 HosTY
874 1277 915 1322 &
937 1278 986 1330 J.
1013 1277 1057 1322 B.
1080 1275 1379 1320 BAssvaLLE
1415 1275 1463 1319 E.
1485 1270 1634 1331 abfique
1650 1270 1729 1318 bile
1756 1268 1924 1332 chylofis
1944 1269 2184 1333 imperfeffa
2216 1266 2351 1316 Paris.

304 1354 442 1403 1750.
480 1354 525 1400 4.

877 1435 924 1493 ς.
960 1434 1195 1485 MCXV.
1294 1437 1456 1481 Diaria
1492 1437 1595 1480 anni
1626 1444 1759 1492 1751.

428 1538 531 1584 Hoc
558 1552 679 1583 anno
704 1532 874 1582 omiffis
898 1535 1097 1581 numeris
1119 1529 1406 1592 Philosbphicae
1431 1529 1751 1589 Transaffliones
1769 1540 1985 1590 ceperunt
2008 1526 2210 1589 prodire,
2240 1542 2352 1586 prae-

299 1599 396 1650 fixo
423 1599 519 1647 solo
545 1600 734 1646 nomine
757 1599 1021 1651 voluminis,
1056 1614 1201 1657 neque
1225 1612 1361 1656 porro
1388 1593 1575 1640 seled'tus
1601 1593 1887 1653 protestatem
1910 1592 2105 1639 habente
2131 1592 2247 1643 vire,
2273 1591 2353 1651 qui

300 1666 342 1711 ei
370 1666 467 1711 Soc.
506 1664 566 1710 est
590 1680 615 1709 a
648 1662 826 1709 secretis
849 1696 861 1715 ,
898 1660 971 1708 sed
1009 1661 1236 1721 deputatis
1277 1659 1332 1705 ad
1365 1674 1469 1704 eum
1508 1656 1719 1704 seledlum
1750 1657 1925 1703 idoneis
1962 1655 2200 1702 sodalibus.
2295 1655 2351 1700 In

298 1729 490 1776 XLVII.
528 1727 639 1773 adeo
671 1727 905 1773 volumine
934 1726 1230 1771 continentur
1256 1720 1581 1768 differtationes
1608 1737 1835 1767 annorum
1866 1733 1999 1779 1751.
2030 1722 2071 1766 &
2107 1729 2242 1778 1752.

438 1807 616 1857 Thomas
640 1809 745 1856 COE
777 1808 829 1854 de
854 1806 1040 1854 homine
1067 1802 1317 1851 obefiffimo
1333 1838 1346 1857 ,
1385 1803 1457 1850 cui
1475 1802 1656 1863 pondus
1683 1809 1789 1849 616.
1814 1801 2031 1848 librarum
2050 1799 2153 1847 fuit.

428 1888 528 1946 Joh.
558 1888 850 1938 BROWNING
875 1888 929 1934 de
955 1903 1094 1947 puero
1123 1885 1383 1946 quindecim
1417 1901 1643 1931 annorum
1674 1900 1796 1930 nano
1815 1918 1828 1937 ‚
1860 1900 1956 1929 non
1975 1885 2126 1931 altiori
2149 1892 2220 1939 31.
2255 1882 2352 1943 pol-

301 1954 481 2008 licitus,
518 1970 600 2001 nec
621 1953 753 2014 supra
778 1965 849 2009 13.
879 1951 1015 1998 libras
1040 1950 1289 2010 pendente,
1327 1966 1380 1995 ex
1406 1947 1525 1995 sanis
1547 1948 1811 2009 parentibus
1837 1960 1960 1995 natu.

437 2035 581 2083 Caroli
606 2033 842 2082 MORTON
875 2031 965 2079 diff.
995 2031 1049 2078 de
1074 2043 1227 2078 motus
1254 2029 1519 2077 muscularis
1545 2027 1694 2080 causa.
1759 2029 1799 2075 A
1826 2025 2078 2075 sensatione
2106 2026 2221 2083 fieri,
2246 2044 2351 2075 cum

303 2100 453 2148 anima
479 2098 691 2159 potestate
713 2098 905 2158 gaudeat
930 2093 1195 2142 sensationis
1217 2110 1409 2141 acumen
1437 2093 1721 2141 intendendi.

333 2245 341 2253 η
445 2177 620 2227 Thomas
648 2180 902 2227 PtRc1VA1.
927 2177 979 2225 de
1009 2175 1107 2224 fetu
1137 2177 1190 2223 de
1219 2176 1455 2239 epigastrio
1484 2175 1777 2237 posteriorem
1805 2185 1977 2235 partem
2020 2172 2203 2221 alterius
2231 2170 2351 2220 fetus

305 2255 673 2304 eircumgerente.

434 2326 489 2371 In
507 2322 632 2386 effi1ys
654 2323 797 2370 medic.
825 2323 914 2370 and
932 2326 1129 2384 experim.
1173 2321 1316 2369 Lond.
1340 2326 1473 2380 1767.
1501 2322 1575 2375 8.*ζ
1603 2320 1656 2366 de
1674 2320 1815 2366 latsteo
1831 2317 2023 2365 humore
2038 2333 2092 2363 ex
2112 2317 2353 2364 abdomine

304 2390 484 2441 eduCtQ
520 2389 598 2448 qui
623 2403 867 2432 cremorem
890 2387 1027 2440 dedit,
1055 2398 1108 2432 ut
1122 2402 1255 2433 verus
1274 2384 1432 2445 chylus
1446 2383 1570 2432 fuiffe
1591 2384 1808 2430 videatur.
1877 2383 2197 2442 Experimenta
2217 2383 2353 2429 Don-

306 2468 422 2501 SONl
447 2487 459 2506 ‚
497 2451 663 2511 quibus
695 2449 922 2503 constitit,
960 2451 1114 2510 opium
1139 2447 1292 2510 pulsus
1315 2451 1365 2496 in
1387 2465 1496 2496 cane
1520 2450 1737 2494 minuere.
1806 2447 1862 2493 In
1888 2447 1977 2492 bile
2001 2446 2182 2508 putrida
2200 2456 2352 2492 tamen

300 2527 510 2564 naturam
535 2514 615 2561 effe
637 2514 884 2559 alcalinam.

431 2599 486 2644 In
512 2595 658 2642 medic.
687 2599 966 2643 Commentar.
989 2610 1033 2639 n.
1049 2605 1091 2639 2.
1122 2593 1175 2640 de
1203 2592 1300 2641 fetu
1330 2592 1467 2640 refert
1498 2609 1576 2654 per
1598 2603 1673 2639 22.
1698 2589 1872 2638 menses
1893 2601 2087 2637 retento.

429 2680 484 2726 In
511 2676 622 2725 Phil.
660 2676 811 2735 Trans
845 2675 934 2724 Vol.
958 2674 1149 2720 XLVII.
1185 2675 1337 2728 Jacobi
1361 2677 1580 2724 Donsou
1610 2675 1663 2720 de
1695 2672 1815 2720 fastis
1844 2670 2172 2720 emortualibus
2200 2684 2350 2716 emen-

302 2743 493 2796 dandis,
536 2754 590 2788 ut
628 2739 806 2801 publice
840 2738 1042 2784 utiliores
1071 2737 1331 2785 reddantur.

430 2829 488 2870 D.
524 2823 575 2869 de
602 2823 885 2869 PEYSSONEL
902 2854 913 2873 ,
951 2818 1147 2864 herbarii
1171 2820 1306 2878 regii,
1345 2819 1421 2878 qui
1445 2819 1493 2864 in
1525 2817 1795 2876 Guadalupa
1821 2814 1969 2862 infula
1995 2816 2037 2861 &
2066 2814 2114 2860 in
2141 2831 2218 2861 ora
2243 2816 2348 2862 Bar-

300 2887 440 2933 bariae
472 2886 612 2938 vixit,
651 2901 772 2931 nova
803 2885 856 2930 de
881 2883 1169 2930 coralliorum
1199 2894 1357 2927 natura
1385 2880 1671 2940 hypothesis,
1708 2897 1806 2939 quae
1826 2879 1979 2926 nostro
2009 2894 2108 2927 aevo
2133 2877 2222 2927 fere
2246 2880 2347 2926 ubi-

301 2967 389 3012 que
418 2951 684 3012 adoptatur‚
723 2947 803 2997 effe
825 2963 986 3011 nempe
1013 2946 1192 2996 cellulas
1222 2946 1262 2993 δι
1292 2943 1480 2993 aedificia
1509 2946 1798 3006 polyporum.
2290 3006 2313 3055 Ι

2316 3022 2348 3053 n
