<?xml version="1.0" encoding="UTF-8"?>
<!DOCTYPE html PUBLIC "-//W3C//DTD XHTML 1.0 Transitional//EN"
    "http://www.w3.org/TR/xhtml1/DTD/xhtml1-transitional.dtd">
<html xmlns="http://www.w3.org/1999/xhtml" xml:lang="en" lang="en">
 <head>
  <title>
</title>
<meta http-equiv="Content-Type" content="text/html;charset=utf-8" />
  <meta name='ocr-system' content='tesseract 3.04.00' />
  <meta name='ocr-capabilities' content='ocr_page ocr_carea ocr_par ocr_line ocrx_word'/>
</head>
<body>
  <div class='ocr_page' id='page_1' title='image "bibliothecaanato02hall_0680.png"; bbox 0 0 2531 3394; ppageno 0'>
   <div class='ocr_carea' id='block_1_1' title="bbox 296 123 1996 194">
    <p class='ocr_par' dir='ltr' id='par_1_1' title="bbox 296 123 1996 194">
     <span class='ocr_line' id='line_1_1' title="bbox 296 123 1996 194; baseline -0.002 -13"><span class='ocrx_word' id='word_1_1' title='bbox 296 136 392 194; x_wconf 86' lang='lat'>670</span> <span class='ocrx_word' id='word_1_2' title='bbox 710 131 844 177; x_wconf 83' lang='lat' dir='ltr'>LIB.</span> <span class='ocrx_word' id='word_1_3' title='bbox 888 132 995 177; x_wconf 25' lang='lat' dir='ltr'>IX..</span> <span class='ocrx_word' id='word_1_4' title='bbox 1045 125 1462 176; x_wconf 86' lang='lat' dir='ltr'><strong>ANATOMES</strong></span> <span class='ocrx_word' id='word_1_5' title='bbox 1512 123 1996 177; x_wconf 73' lang='lat' dir='ltr'>PERFECTIO.‚</span> 
     </span>
    </p>
   </div>
   <div class='ocr_carea' id='block_1_2' title="bbox 296 222 2346 360">
    <p class='ocr_par' dir='ltr' id='par_1_2' title="bbox 296 222 2346 360">
     <span class='ocr_line' id='line_1_2' title="bbox 425 222 2346 290; baseline -0.001 -15"><span class='ocrx_word' id='word_1_6' title='bbox 425 225 685 290; x_wconf 72' lang='lat' dir='ltr'>Philofhphie</span> <span class='ocrx_word' id='word_1_7' title='bbox 710 226 824 274; x_wconf 81' lang='lat' dir='ltr'>dela</span> <span class='ocrx_word' id='word_1_8' title='bbox 845 238 998 274; x_wconf 83' lang='lat' dir='ltr'>nature</span> <span class='ocrx_word' id='word_1_9' title='bbox 1029 222 1303 272; x_wconf 77' lang='lat' dir='ltr'>Amsterdarn</span> <span class='ocrx_word' id='word_1_10' title='bbox 1327 234 1461 280; x_wconf 88' lang='lat'><em>1770.</em></span> <span class='ocrx_word' id='word_1_11' title='bbox 1490 234 1559 269; x_wconf 88' lang='lat'>12.</span> <span class='ocrx_word' id='word_1_12' title='bbox 1591 222 1784 269; x_wconf 82' lang='lat' dir='ltr'>6.V01.*</span> <span class='ocrx_word' id='word_1_13' title='bbox 1822 224 1981 272; x_wconf 86' lang='lat' dir='ltr'>Paffim</span> <span class='ocrx_word' id='word_1_14' title='bbox 2005 226 2152 286; x_wconf 82' lang='lat' dir='ltr'>aliqua</span> <span class='ocrx_word' id='word_1_15' title='bbox 2167 223 2346 287; x_wconf 83' lang='lat' dir='ltr'>phyfio·</span> 
     </span>
     <span class='ocr_line' id='line_1_3' title="bbox 296 285 2253 360; baseline -0.003 -18"><span class='ocrx_word' id='word_1_16' title='bbox 296 294 467 357; x_wconf 85' lang='lat' dir='ltr'>logica,</span> <span class='ocrx_word' id='word_1_17' title='bbox 499 305 553 340; x_wconf 88' lang='lat' dir='ltr'>ut</span> <span class='ocrx_word' id='word_1_18' title='bbox 571 295 620 339; x_wconf 92' lang='lat' dir='ltr'>in</span> <span class='ocrx_word' id='word_1_19' title='bbox 646 293 701 360; x_wconf 77' lang='lat' dir='ltr'>T.</span> <span class='ocrx_word' id='word_1_20' title='bbox 718 293 800 339; x_wconf 90' lang='lat' dir='ltr'>IV.</span> <span class='ocrx_word' id='word_1_21' title='bbox 821 291 880 338; x_wconf 91' lang='lat' dir='ltr'>V.</span> <span class='ocrx_word' id='word_1_22' title='bbox 920 291 972 337; x_wconf 90' lang='lat' dir='ltr'>de</span> <span class='ocrx_word' id='word_1_23' title='bbox 994 287 1315 351; x_wconf 83' lang='lat' dir='ltr'>generatione,</span> <span class='ocrx_word' id='word_1_24' title='bbox 1349 298 1509 333; x_wconf 88' lang='lat' dir='ltr'>contra</span> <span class='ocrx_word' id='word_1_25' title='bbox 1532 285 1651 334; x_wconf 84' lang='lat' dir='ltr'>fetus</span> <span class='ocrx_word' id='word_1_26' title='bbox 1673 288 1723 333; x_wconf 91' lang='lat' dir='ltr'>in</span> <span class='ocrx_word' id='word_1_27' title='bbox 1749 286 1890 335; x_wconf 81' lang='lat' dir='ltr'>matre</span> <span class='ocrx_word' id='word_1_28' title='bbox 1916 288 2253 350; x_wconf 63' lang='lat' dir='ltr'>perfectionem.</span> 
     </span>
    </p>
   </div>
   <div class='ocr_carea' id='block_1_3' title="bbox 364 358 2378 430">
    <p class='ocr_par' dir='ltr' id='par_1_3' title="bbox 364 358 2378 430">
     <span class='ocr_line' id='line_1_4' title="bbox 364 358 2378 430; baseline -0.002 -7"><span class='ocrx_word' id='word_1_29' title='bbox 364 398 374 411; x_wconf 44' lang='grc' dir='ltr'>κ</span> <span class='ocrx_word' id='word_1_30' title='bbox 428 376 584 422; x_wconf 84' lang='lat' dir='ltr'>Loms</span> <span class='ocrx_word' id='word_1_31' title='bbox 608 358 860 425; x_wconf 61' lang='lat' dir='ltr'>FL.ORENT</span> <span class='ocrx_word' id='word_1_32' title='bbox 891 374 1114 418; x_wconf 80' lang='lat' dir='ltr'>DESHAIS</span> <span class='ocrx_word' id='word_1_33' title='bbox 1142 370 1403 417; x_wconf 78' lang='lat' dir='ltr'>GENDRON</span> <span class='ocrx_word' id='word_1_34' title='bbox 1433 380 1492 416; x_wconf 80' lang='lat' dir='ltr'>tr.</span> <span class='ocrx_word' id='word_1_35' title='bbox 1519 368 1590 415; x_wconf 84' lang='lat' dir='ltr'>des</span> <span class='ocrx_word' id='word_1_36' title='bbox 1610 369 1817 416; x_wconf 79' lang='lat' dir='ltr'>maladies</span> <span class='ocrx_word' id='word_1_37' title='bbox 1838 370 1908 416; x_wconf 80' lang='lat' dir='ltr'>des</span> <span class='ocrx_word' id='word_1_38' title='bbox 1926 383 2042 430; x_wconf 77' lang='lat' dir='ltr'>yeux</span> <span class='ocrx_word' id='word_1_39' title='bbox 2075 372 2196 418; x_wconf 77' lang='lat' dir='ltr'>Paris</span> <span class='ocrx_word' id='word_1_40' title='bbox 2214 384 2348 430; x_wconf 84' lang='lat'><em>1770.</em></span> <span class='ocrx_word' id='word_1_41' title='bbox 2374 416 2378 417; x_wconf 19' lang='lat'><em>⁷</em></span> 
     </span>
    </p>
   </div>
   <div class='ocr_carea' id='block_1_4' title="bbox 298 432 2350 564">
    <p class='ocr_par' dir='ltr' id='par_1_4' title="bbox 298 432 2350 564">
     <span class='ocr_line' id='line_1_5' title="bbox 301 432 2350 495; baseline -0.003 -8"><span class='ocrx_word' id='word_1_42' title='bbox 301 452 373 488; x_wconf 79' lang='lat'>12.</span> <span class='ocrx_word' id='word_1_43' title='bbox 407 436 599 486; x_wconf 84' lang='lat' dir='ltr'>2.V01.*</span> <span class='ocrx_word' id='word_1_44' title='bbox 668 442 891 485; x_wconf 83' lang='lat' dir='ltr'>Anatome</span> <span class='ocrx_word' id='word_1_45' title='bbox 917 435 1064 481; x_wconf 87' lang='lat' dir='ltr'>oculi:</span> <span class='ocrx_word' id='word_1_46' title='bbox 1103 449 1199 479; x_wconf 90' lang='lat' dir='ltr'>non</span> <span class='ocrx_word' id='word_1_47' title='bbox 1219 433 1333 479; x_wconf 86' lang='lat' dir='ltr'>bene</span> <span class='ocrx_word' id='word_1_48' title='bbox 1360 432 1620 493; x_wconf 84' lang='lat' dir='ltr'>chorioidea</span> <span class='ocrx_word' id='word_1_49' title='bbox 1652 451 1733 493; x_wconf 90' lang='lat' dir='ltr'>pro</span> <span class='ocrx_word' id='word_1_50' title='bbox 1767 451 1938 495; x_wconf 87' lang='lat' dir='ltr'>organo</span> <span class='ocrx_word' id='word_1_51' title='bbox 1969 433 2089 480; x_wconf 87' lang='lat' dir='ltr'>visus</span> <span class='ocrx_word' id='word_1_52' title='bbox 2118 436 2246 493; x_wconf 77' lang='lat' dir='ltr'>data,</span> <span class='ocrx_word' id='word_1_53' title='bbox 2271 452 2350 481; x_wconf 86' lang='lat' dir='ltr'>ne-</span> 
     </span>
     <span class='ocr_line' id='line_1_6' title="bbox 298 496 2346 564; baseline -0.002 -14"><span class='ocrx_word' id='word_1_54' title='bbox 298 520 388 564; x_wconf 90' lang='lat' dir='ltr'>que</span> <span class='ocrx_word' id='word_1_55' title='bbox 421 503 643 564; x_wconf 83' lang='lat' dir='ltr'>adoptatis</span> <span class='ocrx_word' id='word_1_56' title='bbox 679 502 805 549; x_wconf 79' lang='lat' dir='ltr'>fibris</span> <span class='ocrx_word' id='word_1_57' title='bbox 841 498 1131 546; x_wconf 73' lang='lat' dir='ltr'>circularibus</span> <span class='ocrx_word' id='word_1_58' title='bbox 1166 513 1292 544; x_wconf 78' lang='lat' dir='ltr'>uveae</span> <span class='ocrx_word' id='word_1_59' title='bbox 1319 496 1470 543; x_wconf 83' lang='lat' dir='ltr'>noster</span> <span class='ocrx_word' id='word_1_60' title='bbox 1501 498 1613 544; x_wconf 84' lang='lat' dir='ltr'>bene</span> <span class='ocrx_word' id='word_1_61' title='bbox 1640 499 1809 544; x_wconf 85' lang='lat' dir='ltr'>meruit</span> <span class='ocrx_word' id='word_1_62' title='bbox 1832 533 1844 551; x_wconf 86' lang='lat'>,</span> <span class='ocrx_word' id='word_1_63' title='bbox 1903 514 2051 558; x_wconf 86' lang='lat' dir='ltr'>neque</span> <span class='ocrx_word' id='word_1_64' title='bbox 2085 500 2182 545; x_wconf 86' lang='lat' dir='ltr'>aliis</span> <span class='ocrx_word' id='word_1_65' title='bbox 2209 500 2346 553; x_wconf 86' lang='lat' dir='ltr'>locis,</span> 
     </span>
    </p>
   </div>
   <div class='ocr_carea' id='block_1_5' title="bbox 296 565 854 615">
    <p class='ocr_par' dir='ltr' id='par_1_5' title="bbox 296 565 854 615">
     <span class='ocr_line' id='line_1_7' title="bbox 296 565 854 615; baseline -0.009 0"><span class='ocrx_word' id='word_1_66' title='bbox 296 567 378 615; x_wconf 87' lang='lat' dir='ltr'>ubi</span> <span class='ocrx_word' id='word_1_67' title='bbox 404 569 454 614; x_wconf 88' lang='lat' dir='ltr'>in</span> <span class='ocrx_word' id='word_1_68' title='bbox 478 584 647 614; x_wconf 86' lang='lat' dir='ltr'>errores</span> <span class='ocrx_word' id='word_1_69' title='bbox 679 565 854 612; x_wconf 78' lang='lat' dir='ltr'>incidit.</span> 
     </span>
    </p>
   </div>
   <div class='ocr_carea' id='block_1_6' title="bbox 431 641 2411 708">
    <p class='ocr_par' dir='ltr' id='par_1_6' title="bbox 431 641 2411 708">
     <span class='ocr_line' id='line_1_8' title="bbox 431 641 2411 708; baseline -0.004 -11"><span class='ocrx_word' id='word_1_70' title='bbox 431 653 562 697; x_wconf 81' lang='lat' dir='ltr'>Cours</span> <span class='ocrx_word' id='word_1_71' title='bbox 600 647 807 708; x_wconf 72' lang='lat' dir='ltr'>d’histoire</span> <span class='ocrx_word' id='word_1_72' title='bbox 837 643 1068 696; x_wconf 77' lang='lat' dir='ltr'>naturelle‚</span> <span class='ocrx_word' id='word_1_73' title='bbox 1113 657 1166 697; x_wconf 78' lang='lat' dir='ltr'>ou</span> <span class='ocrx_word' id='word_1_74' title='bbox 1193 641 1365 689; x_wconf 71' lang='lat' dir='ltr'>tableau</span> <span class='ocrx_word' id='word_1_75' title='bbox 1395 641 1516 688; x_wconf 81' lang='lat' dir='ltr'>dela</span> <span class='ocrx_word' id='word_1_76' title='bbox 1537 655 1694 690; x_wconf 77' lang='lat' dir='ltr'>nature</span> <span class='ocrx_word' id='word_1_77' title='bbox 1745 643 1866 689; x_wconf 82' lang='lat' dir='ltr'>Paris</span> <span class='ocrx_word' id='word_1_78' title='bbox 1897 656 2024 701; x_wconf 80' lang='lat'><em>1770.</em></span> <span class='ocrx_word' id='word_1_79' title='bbox 2057 655 2127 689; x_wconf 84' lang='lat'>12.</span> <span class='ocrx_word' id='word_1_80' title='bbox 2161 644 2352 706; x_wconf 19' lang='lat' dir='ltr'>7.Vol.4³³⁵</span> <span class='ocrx_word' id='word_1_81' title='bbox 2407 676 2411 679; x_wconf 89' lang='lat'><em>-</em></span> 
     </span>
    </p>
   </div>
   <div class='ocr_carea' id='block_1_7' title="bbox 297 706 2352 832">
    <p class='ocr_par' dir='ltr' id='par_1_7' title="bbox 297 706 2352 832">
     <span class='ocr_line' id='line_1_9' title="bbox 297 706 2352 766; baseline -0.003 -6"><span class='ocrx_word' id='word_1_82' title='bbox 297 715 368 760; x_wconf 90' lang='lat' dir='ltr'>De</span> <span class='ocrx_word' id='word_1_83' title='bbox 391 712 661 759; x_wconf 77' lang='lat' dir='ltr'>animalibus</span> <span class='ocrx_word' id='word_1_84' title='bbox 687 709 782 756; x_wconf 81' lang='lat' dir='ltr'>fuse</span> <span class='ocrx_word' id='word_1_85' title='bbox 801 743 812 763; x_wconf 88' lang='lat'>‚</span> <span class='ocrx_word' id='word_1_86' title='bbox 851 707 940 754; x_wconf 86' lang='lat' dir='ltr'>fere</span> <span class='ocrx_word' id='word_1_87' title='bbox 969 724 1023 753; x_wconf 83' lang='lat' dir='ltr'>ex</span> <span class='ocrx_word' id='word_1_88' title='bbox 1043 708 1319 754; x_wconf 81' lang='lat' dir='ltr'>BUFFONlo.</span> <span class='ocrx_word' id='word_1_89' title='bbox 1391 707 1653 766; x_wconf 81' lang='lat' dir='ltr'>Generatio.</span> <span class='ocrx_word' id='word_1_90' title='bbox 1725 706 1900 754; x_wconf 78' lang='lat' dir='ltr'>Sensus.</span> <span class='ocrx_word' id='word_1_91' title='bbox 1969 710 2038 754; x_wconf 91' lang='lat' dir='ltr'>De</span> <span class='ocrx_word' id='word_1_92' title='bbox 2058 709 2280 755; x_wconf 70' lang='lat' dir='ltr'>PEREfflA</span> <span class='ocrx_word' id='word_1_93' title='bbox 2302 709 2352 754; x_wconf 82' lang='lat' dir='ltr'>in</span> 
     </span>
     <span class='ocr_line' id='line_1_10' title="bbox 300 768 2318 832; baseline -0.004 -7"><span class='ocrx_word' id='word_1_94' title='bbox 300 776 512 824; x_wconf 85' lang='lat' dir='ltr'>docendis</span> <span class='ocrx_word' id='word_1_95' title='bbox 526 775 668 822; x_wconf 87' lang='lat' dir='ltr'>surdis</span> <span class='ocrx_word' id='word_1_96' title='bbox 683 773 815 820; x_wconf 85' lang='lat' dir='ltr'>felici.</span> <span class='ocrx_word' id='word_1_97' title='bbox 865 769 1035 818; x_wconf 79' lang='lat' dir='ltr'>Musica</span> <span class='ocrx_word' id='word_1_98' title='bbox 1049 768 1217 832; x_wconf 83' lang='lat' dir='ltr'>gustus.</span> <span class='ocrx_word' id='word_1_99' title='bbox 1258 768 1451 817; x_wconf 85' lang='lat' dir='ltr'>Piscium</span> <span class='ocrx_word' id='word_1_100' title='bbox 1467 783 1675 817; x_wconf 80' lang='lat' dir='ltr'>anatome</span> <span class='ocrx_word' id='word_1_101' title='bbox 1696 788 1750 817; x_wconf 85' lang='lat' dir='ltr'>ex</span> <span class='ocrx_word' id='word_1_102' title='bbox 1770 772 1980 821; x_wconf 82' lang='grc' dir='ltr'><strong>ΡΕΤΙΤΟ.</strong></span> <span class='ocrx_word' id='word_1_103' title='bbox 2018 774 2318 832; x_wconf 61' lang='grc' dir='ltr'><strong>ΟυΙΙεὰαηεῆ.</strong></span> 
     </span>
    </p>
   </div>
   <div class='ocr_carea' id='block_1_8' title="bbox 277 851 2352 1044">
    <p class='ocr_par' dir='ltr' id='par_1_8' title="bbox 277 851 2352 1044">
     <span class='ocr_line' id='line_1_11' title="bbox 428 851 2352 916; baseline -0.004 -10"><span class='ocrx_word' id='word_1_104' title='bbox 428 854 938 916; x_wconf 14' lang='lat' dir='ltr'>DIDELOTVinstruflion</span> <span class='ocrx_word' id='word_1_105' title='bbox 962 867 1075 914; x_wconf 82' lang='lat' dir='ltr'>pour</span> <span class='ocrx_word' id='word_1_106' title='bbox 1098 852 1155 898; x_wconf 87' lang='lat' dir='ltr'>les</span> <span class='ocrx_word' id='word_1_107' title='bbox 1174 851 1295 914; x_wconf 66' lang='lat' dir='ltr'>firges</span> <span class='ocrx_word' id='word_1_108' title='bbox 1308 852 1510 912; x_wconf 82' lang='lat' dir='ltr'>femmes‚</span> <span class='ocrx_word' id='word_1_109' title='bbox 1539 870 1592 898; x_wconf 84' lang='lat' dir='ltr'>ou</span> <span class='ocrx_word' id='word_1_110' title='bbox 1619 851 1808 899; x_wconf 78' lang='lat' dir='ltr'>methode</span> <span class='ocrx_word' id='word_1_111' title='bbox 1829 851 1985 914; x_wconf 49' lang='lat' dir='ltr'>affine}</span> <span class='ocrx_word' id='word_1_112' title='bbox 2006 866 2119 914; x_wconf 79' lang='lat' dir='ltr'>pour</span> <span class='ocrx_word' id='word_1_113' title='bbox 2147 853 2267 899; x_wconf 82' lang='lat' dir='ltr'>aider</span> <span class='ocrx_word' id='word_1_114' title='bbox 2295 852 2352 899; x_wconf 83' lang='lat' dir='ltr'>les</span> 
     </span>
     <span class='ocr_line' id='line_1_12' title="bbox 277 914 2352 988; baseline -0.003 -19"><span class='ocrx_word' id='word_1_115' title='bbox 277 918 466 988; x_wconf 49' lang='lat' dir='ltr'>&#39;semines</span> <span class='ocrx_word' id='word_1_116' title='bbox 491 922 596 968; x_wconf 74' lang='lat' dir='ltr'>dans</span> <span class='ocrx_word' id='word_1_117' title='bbox 623 920 678 966; x_wconf 85' lang='lat' dir='ltr'>les</span> <span class='ocrx_word' id='word_1_118' title='bbox 699 916 1014 966; x_wconf 77' lang='lat' dir='ltr'>accouchemens</span> <span class='ocrx_word' id='word_1_119' title='bbox 1040 917 1230 962; x_wconf 74' lang='lat' dir='ltr'>naturels</span> <span class='ocrx_word' id='word_1_120' title='bbox 1253 914 1311 971; x_wconf 56' lang='grc' dir='ltr'>ἓξ</span> <span class='ocrx_word' id='word_1_121' title='bbox 1326 916 1551 963; x_wconf 77' lang='lat' dir='ltr'>laborieux</span> <span class='ocrx_word' id='word_1_122' title='bbox 1582 918 1747 976; x_wconf 88' lang='lat' dir='ltr'>Nancy</span> <span class='ocrx_word' id='word_1_123' title='bbox 1774 930 1908 974; x_wconf 80' lang='lat'><em>1770.</em></span> <span class='ocrx_word' id='word_1_124' title='bbox 1929 919 2002 971; x_wconf 63' lang='grc'><strong>8.*</strong></span> <span class='ocrx_word' id='word_1_125' title='bbox 2033 917 2256 964; x_wconf 86' lang='lat' dir='ltr'>Yverdon</span> <span class='ocrx_word' id='word_1_126' title='bbox 2273 914 2352 971; x_wconf 69' lang='grc'><strong>8.*</strong></span> 
     </span>
     <span class='ocr_line' id='line_1_13' title="bbox 299 979 2351 1044; baseline -0.003 -11"><span class='ocrx_word' id='word_1_127' title='bbox 299 989 469 1034; x_wconf 86' lang='lat' dir='ltr'>Partus.</span> <span class='ocrx_word' id='word_1_128' title='bbox 544 983 767 1031; x_wconf 81' lang='lat' dir='ltr'>Secundas</span> <span class='ocrx_word' id='word_1_129' title='bbox 806 983 956 1041; x_wconf 85' lang='lat' dir='ltr'>potius</span> <span class='ocrx_word' id='word_1_130' title='bbox 990 980 1236 1039; x_wconf 74' lang='lat' dir='ltr'>relinquit,</span> <span class='ocrx_word' id='word_1_131' title='bbox 1275 996 1412 1039; x_wconf 84' lang='lat' dir='ltr'>quam</span> <span class='ocrx_word' id='word_1_132' title='bbox 1445 979 1694 1027; x_wconf 81' lang='lat' dir='ltr'>resistentes</span> <span class='ocrx_word' id='word_1_133' title='bbox 1732 982 1900 1028; x_wconf 81' lang='lat' dir='ltr'>evellit.</span> <span class='ocrx_word' id='word_1_134' title='bbox 1969 982 2106 1028; x_wconf 67' lang='lat' dir='ltr'>Reae</span> <span class='ocrx_word' id='word_1_135' title='bbox 2139 980 2351 1044; x_wconf 84' lang='lat' dir='ltr'>progredi</span> 
     </span>
    </p>
   </div>
   <div class='ocr_carea' id='block_1_9' title="bbox 298 1043 1465 1103">
    <p class='ocr_par' dir='ltr' id='par_1_9' title="bbox 298 1043 1465 1103">
     <span class='ocr_line' id='line_1_14' title="bbox 298 1043 1465 1103; baseline -0.005 -7"><span class='ocrx_word' id='word_1_136' title='bbox 298 1049 444 1096; x_wconf 78' lang='lat' dir='ltr'>fetum</span> <span class='ocrx_word' id='word_1_137' title='bbox 476 1064 581 1094; x_wconf 87' lang='lat' dir='ltr'>aure</span> <span class='ocrx_word' id='word_1_138' title='bbox 605 1048 742 1093; x_wconf 85' lang='lat' dir='ltr'>altera</span> <span class='ocrx_word' id='word_1_139' title='bbox 770 1045 1013 1096; x_wconf 81' lang='lat' dir='ltr'>anteriori,</span> <span class='ocrx_word' id='word_1_140' title='bbox 1053 1043 1286 1103; x_wconf 85' lang='lat' dir='ltr'>posteriori</span> <span class='ocrx_word' id='word_1_141' title='bbox 1315 1046 1465 1090; x_wconf 83' lang='lat' dir='ltr'>altera.</span> 
     </span>
    </p>
   </div>
   <div class='ocr_carea' id='block_1_10' title="bbox 299 1123 2352 1383">
    <p class='ocr_par' dir='ltr' id='par_1_10' title="bbox 299 1123 2352 1383">
     <span class='ocr_line' id='line_1_15' title="bbox 428 1123 2352 1186; baseline -0.003 -9"><span class='ocrx_word' id='word_1_142' title='bbox 428 1131 652 1177; x_wconf 79' lang='lat' dir='ltr'><em>N1COLA1</em></span> <span class='ocrx_word' id='word_1_143' title='bbox 702 1127 874 1173; x_wconf 76' lang='lat' dir='ltr'>manuel</span> <span class='ocrx_word' id='word_1_144' title='bbox 909 1125 967 1171; x_wconf 77' lang='lat' dir='ltr'>du</span> <span class='ocrx_word' id='word_1_145' title='bbox 1001 1126 1128 1183; x_wconf 80' lang='lat' dir='ltr'>jezme</span> <span class='ocrx_word' id='word_1_146' title='bbox 1159 1123 1400 1186; x_wconf 77' lang='lat' dir='ltr'>chirurgien</span> <span class='ocrx_word' id='word_1_147' title='bbox 1446 1126 1569 1172; x_wconf 89' lang='lat' dir='ltr'>Paris</span> <span class='ocrx_word' id='word_1_148' title='bbox 1599 1139 1731 1184; x_wconf 88' lang='lat'><em>1770.</em></span> <span class='ocrx_word' id='word_1_149' title='bbox 1765 1124 1842 1180; x_wconf 76' lang='lat'>8.*</span> <span class='ocrx_word' id='word_1_150' title='bbox 1909 1126 2136 1177; x_wconf 75' lang='lat' dir='ltr'>¹Anatome</span> <span class='ocrx_word' id='word_1_151' title='bbox 2175 1124 2266 1171; x_wconf 86' lang='lat' dir='ltr'>fere</span> <span class='ocrx_word' id='word_1_152' title='bbox 2297 1143 2352 1172; x_wconf 84' lang='lat' dir='ltr'>ex</span> 
     </span>
     <span class='ocr_line' id='line_1_16' title="bbox 301 1188 2352 1251; baseline -0.003 -9"><span class='ocrx_word' id='word_1_153' title='bbox 301 1195 623 1242; x_wconf 69' lang='lat' dir='ltr'>WINSLOWO</span> <span class='ocrx_word' id='word_1_154' title='bbox 642 1201 830 1251; x_wconf 83' lang='lat' dir='ltr'>recepta,</span> <span class='ocrx_word' id='word_1_155' title='bbox 861 1190 994 1236; x_wconf 85' lang='lat' dir='ltr'>etiam</span> <span class='ocrx_word' id='word_1_156' title='bbox 1021 1188 1205 1249; x_wconf 79' lang='lat' dir='ltr'>quando</span> <span class='ocrx_word' id='word_1_157' title='bbox 1227 1188 1297 1234; x_wconf 87' lang='lat' dir='ltr'>vir</span> <span class='ocrx_word' id='word_1_158' title='bbox 1318 1205 1507 1249; x_wconf 83' lang='lat' dir='ltr'>magnus</span> <span class='ocrx_word' id='word_1_159' title='bbox 1531 1202 1661 1242; x_wconf 83' lang='lat' dir='ltr'>errat,</span> <span class='ocrx_word' id='word_1_160' title='bbox 1693 1202 1745 1236; x_wconf 88' lang='lat' dir='ltr'>ut</span> <span class='ocrx_word' id='word_1_161' title='bbox 1766 1191 1814 1236; x_wconf 89' lang='lat' dir='ltr'>in</span> <span class='ocrx_word' id='word_1_162' title='bbox 1833 1192 2007 1236; x_wconf 68' lang='lat' dir='ltr'>atterite</span> <span class='ocrx_word' id='word_1_163' title='bbox 2032 1189 2352 1249; x_wconf 82' lang='lat' dir='ltr'>ophthalmicae</span> 
     </span>
     <span class='ocr_line' id='line_1_17' title="bbox 302 1251 2350 1319; baseline -0.002 -15"><span class='ocrx_word' id='word_1_164' title='bbox 302 1258 476 1319; x_wconf 83' lang='lat' dir='ltr'>origine</span> <span class='ocrx_word' id='word_1_165' title='bbox 499 1275 510 1302; x_wconf 73' lang='grc' dir='ltr'><strong>ι</strong></span> <span class='ocrx_word' id='word_1_166' title='bbox 547 1255 620 1302; x_wconf 86' lang='lat' dir='ltr'>sed</span> <span class='ocrx_word' id='word_1_167' title='bbox 648 1257 782 1302; x_wconf 86' lang='lat' dir='ltr'>etiam</span> <span class='ocrx_word' id='word_1_168' title='bbox 803 1266 896 1300; x_wconf 85' lang='lat' dir='ltr'>rete</span> <span class='ocrx_word' id='word_1_169' title='bbox 922 1254 1117 1313; x_wconf 85' lang='lat' dir='ltr'>linguale</span> <span class='ocrx_word' id='word_1_170' title='bbox 1144 1252 1205 1298; x_wconf 92' lang='lat' dir='ltr'>N.</span> <span class='ocrx_word' id='word_1_171' title='bbox 1230 1253 1392 1298; x_wconf 88' lang='lat' dir='ltr'>melius</span> <span class='ocrx_word' id='word_1_172' title='bbox 1422 1251 1644 1299; x_wconf 71' lang='lat' dir='ltr'>omisisset.</span> <span class='ocrx_word' id='word_1_173' title='bbox 1714 1252 1948 1300; x_wconf 84' lang='lat' dir='ltr'>Insensiles</span> <span class='ocrx_word' id='word_1_174' title='bbox 1976 1271 2046 1300; x_wconf 88' lang='lat' dir='ltr'>eas</span> <span class='ocrx_word' id='word_1_175' title='bbox 2069 1268 2215 1314; x_wconf 88' lang='lat' dir='ltr'>partes</span> <span class='ocrx_word' id='word_1_176' title='bbox 2236 1253 2318 1300; x_wconf 86' lang='lat' dir='ltr'>effe</span> <span class='ocrx_word' id='word_1_177' title='bbox 2336 1287 2350 1307; x_wconf 88' lang='lat'>‚</span> 
     </span>
     <span class='ocr_line' id='line_1_18' title="bbox 299 1314 2173 1383; baseline -0.003 -14"><span class='ocrx_word' id='word_1_178' title='bbox 299 1338 409 1383; x_wconf 83' lang='lat' dir='ltr'>quas</span> <span class='ocrx_word' id='word_1_179' title='bbox 438 1323 709 1368; x_wconf 76' lang='lat' dir='ltr'>HALLERUS</span> <span class='ocrx_word' id='word_1_180' title='bbox 735 1316 864 1364; x_wconf 90' lang='lat' dir='ltr'>sensu</span> <span class='ocrx_word' id='word_1_181' title='bbox 895 1333 1043 1363; x_wconf 86' lang='lat' dir='ltr'>carere</span> <span class='ocrx_word' id='word_1_182' title='bbox 1075 1315 1220 1362; x_wconf 87' lang='lat' dir='ltr'>docet.</span> <span class='ocrx_word' id='word_1_183' title='bbox 1290 1317 1466 1362; x_wconf 83' lang='lat' dir='ltr'>Contra</span> <span class='ocrx_word' id='word_1_184' title='bbox 1488 1318 1719 1367; x_wconf 80' lang='lat' dir='ltr'>BUFFONl</span> <span class='ocrx_word' id='word_1_185' title='bbox 1750 1316 2037 1378; x_wconf 86' lang='lat' dir='ltr'>hypotheses.</span> <span class='ocrx_word' id='word_1_186' title='bbox 2171 1314 2173 1319; x_wconf 64' lang='grc'>’</span> 
     </span>
    </p>
   </div>
   <div class='ocr_carea' id='block_1_11' title="bbox 300 1396 2356 1522">
    <p class='ocr_par' dir='ltr' id='par_1_11' title="bbox 300 1396 2356 1522">
     <span class='ocr_line' id='line_1_19' title="bbox 428 1396 2356 1459; baseline -0.003 -10"><span class='ocrx_word' id='word_1_187' title='bbox 428 1405 504 1449; x_wconf 88' lang='lat' dir='ltr'>DU</span> <span class='ocrx_word' id='word_1_188' title='bbox 522 1403 621 1448; x_wconf 83' lang='lat' dir='ltr'>PRE</span> <span class='ocrx_word' id='word_1_189' title='bbox 653 1401 703 1446; x_wconf 83' lang='lat' dir='ltr'>de</span> <span class='ocrx_word' id='word_1_190' title='bbox 730 1402 869 1446; x_wconf 78' lang='lat' dir='ltr'>l’ISLE</span> <span class='ocrx_word' id='word_1_191' title='bbox 885 1411 943 1445; x_wconf 72' lang='lat' dir='ltr'>tr.</span> <span class='ocrx_word' id='word_1_192' title='bbox 961 1397 1031 1443; x_wconf 79' lang='lat' dir='ltr'>des</span> <span class='ocrx_word' id='word_1_193' title='bbox 1051 1396 1193 1455; x_wconf 78' lang='lat' dir='ltr'>lestons</span> <span class='ocrx_word' id='word_1_194' title='bbox 1218 1396 1269 1442; x_wconf 85' lang='lat' dir='ltr'>de</span> <span class='ocrx_word' id='word_1_195' title='bbox 1295 1398 1338 1443; x_wconf 77' lang='lat' dir='ltr'>la</span> <span class='ocrx_word' id='word_1_196' title='bbox 1366 1404 1544 1458; x_wconf 67' lang='lat' dir='ltr'>tetepar</span> <span class='ocrx_word' id='word_1_197' title='bbox 1562 1412 1733 1446; x_wconf 72' lang='lat' dir='ltr'>contre-</span> <span class='ocrx_word' id='word_1_198' title='bbox 1755 1412 1857 1459; x_wconf 82' lang='lat' dir='ltr'>coup</span> <span class='ocrx_word' id='word_1_199' title='bbox 1879 1400 1999 1445; x_wconf 86' lang='lat' dir='ltr'>Paris</span> <span class='ocrx_word' id='word_1_200' title='bbox 2028 1411 2158 1456; x_wconf 84' lang='lat'><em>1770.</em></span> <span class='ocrx_word' id='word_1_201' title='bbox 2190 1401 2263 1452; x_wconf 74' lang='lat'>8.*</span> <span class='ocrx_word' id='word_1_202' title='bbox 2299 1399 2356 1444; x_wconf 87' lang='lat' dir='ltr'>In</span> 
     </span>
     <span class='ocr_line' id='line_1_20' title="bbox 300 1460 2353 1522; baseline -0.002 -10"><span class='ocrx_word' id='word_1_203' title='bbox 300 1467 442 1512; x_wconf 85' lang='lat' dir='ltr'>cranii</span> <span class='ocrx_word' id='word_1_204' title='bbox 469 1482 600 1512; x_wconf 86' lang='lat' dir='ltr'>cavea</span> <span class='ocrx_word' id='word_1_205' title='bbox 625 1472 771 1511; x_wconf 80' lang='lat' dir='ltr'>aerem</span> <span class='ocrx_word' id='word_1_206' title='bbox 797 1463 906 1510; x_wconf 79' lang='lat' dir='ltr'>else:</span> <span class='ocrx_word' id='word_1_207' title='bbox 942 1460 1217 1522; x_wconf 81' lang='lat' dir='ltr'>lymphatica</span> <span class='ocrx_word' id='word_1_208' title='bbox 1242 1460 1341 1509; x_wconf 86' lang='lat' dir='ltr'>vasa</span> <span class='ocrx_word' id='word_1_209' title='bbox 1365 1462 1414 1508; x_wconf 89' lang='lat' dir='ltr'>in</span> <span class='ocrx_word' id='word_1_210' title='bbox 1440 1463 1637 1510; x_wconf 88' lang='lat' dir='ltr'>cerebro.</span> <span class='ocrx_word' id='word_1_211' title='bbox 1706 1465 1792 1510; x_wconf 91' lang='lat' dir='ltr'>Pro</span> <span class='ocrx_word' id='word_1_212' title='bbox 1812 1462 2111 1516; x_wconf 79' lang='lat' dir='ltr'>decuffatione</span> <span class='ocrx_word' id='word_1_213' title='bbox 2132 1463 2353 1510; x_wconf 83' lang='lat' dir='ltr'>fibrarum</span> 
     </span>
    </p>
   </div>
   <div class='ocr_carea' id='block_1_12' title="bbox 298 1530 532 1577">
    <p class='ocr_par' dir='ltr' id='par_1_12' title="bbox 298 1530 532 1577">
     <span class='ocr_line' id='line_1_21' title="bbox 298 1530 532 1577; baseline 0 -1"><span class='ocrx_word' id='word_1_214' title='bbox 298 1530 417 1577; x_wconf 84' lang='lat' dir='ltr'>med.</span> <span class='ocrx_word' id='word_1_215' title='bbox 442 1530 532 1576; x_wconf 92' lang='lat' dir='ltr'>obl.</span> 
     </span>
    </p>
   </div>
   <div class='ocr_carea' id='block_1_13' title="bbox 301 1607 2350 1736">
    <p class='ocr_par' dir='ltr' id='par_1_13' title="bbox 301 1607 2350 1736">
     <span class='ocr_line' id='line_1_22' title="bbox 423 1607 2350 1673; baseline -0.002 -15"><span class='ocrx_word' id='word_1_216' title='bbox 423 1613 499 1673; x_wconf 86' lang='lat' dir='ltr'>EJ.</span> <span class='ocrx_word' id='word_1_217' title='bbox 558 1615 633 1657; x_wconf 78' lang='lat' dir='ltr'>Du</span> <span class='ocrx_word' id='word_1_218' title='bbox 661 1615 783 1657; x_wconf 80' lang='lat' dir='ltr'>virus</span> <span class='ocrx_word' id='word_1_219' title='bbox 807 1626 1041 1657; x_wconf 79' lang='lat' dir='ltr'>cancereux</span> <span class='ocrx_word' id='word_1_220' title='bbox 1076 1609 1197 1655; x_wconf 86' lang='lat' dir='ltr'>Paris</span> <span class='ocrx_word' id='word_1_221' title='bbox 1225 1619 1359 1668; x_wconf 87' lang='lat'><em>1774.</em></span> <span class='ocrx_word' id='word_1_222' title='bbox 1407 1608 1509 1655; x_wconf 49' lang='lat'>12)6</span> <span class='ocrx_word' id='word_1_223' title='bbox 1576 1608 1777 1656; x_wconf 88' lang='lat' dir='ltr'>Partium</span> <span class='ocrx_word' id='word_1_224' title='bbox 1812 1607 2081 1656; x_wconf 61' lang='lat' dir='ltr'>inseetarum</span> <span class='ocrx_word' id='word_1_225' title='bbox 2109 1620 2350 1663; x_wconf 81' lang='lat' dir='ltr'>anatome,</span> 
     </span>
     <span class='ocr_line' id='line_1_23' title="bbox 301 1671 1563 1736; baseline -0.004 -12"><span class='ocrx_word' id='word_1_226' title='bbox 301 1679 343 1724; x_wconf 83' lang='lat'>&amp;</span> <span class='ocrx_word' id='word_1_227' title='bbox 368 1692 667 1723; x_wconf 89' lang='lat' dir='ltr'>mammarum</span> <span class='ocrx_word' id='word_1_228' title='bbox 696 1673 998 1736; x_wconf 82' lang='lat' dir='ltr'>potiffimum,</span> <span class='ocrx_word' id='word_1_229' title='bbox 1035 1672 1131 1719; x_wconf 79' lang='lat' dir='ltr'>haec</span> <span class='ocrx_word' id='word_1_230' title='bbox 1156 1673 1285 1719; x_wconf 85' lang='lat' dir='ltr'>valde</span> <span class='ocrx_word' id='word_1_231' title='bbox 1313 1671 1563 1732; x_wconf 76' lang='lat' dir='ltr'>singularis.</span> 
     </span>
    </p>
   </div>
   <div class='ocr_carea' id='block_1_14' title="bbox 299 1752 2354 2376">
    <p class='ocr_par' dir='ltr' id='par_1_14' title="bbox 299 1752 2354 2376">
     <span class='ocr_line' id='line_1_24' title="bbox 431 1752 2354 1819; baseline -0.003 -14"><span class='ocrx_word' id='word_1_232' title='bbox 431 1759 597 1805; x_wconf 78' lang='lat' dir='ltr'>FABRE</span> <span class='ocrx_word' id='word_1_233' title='bbox 624 1755 734 1819; x_wconf 68' lang='lat' dir='ltr'>effiris</span> <span class='ocrx_word' id='word_1_234' title='bbox 761 1757 844 1817; x_wconf 85' lang='lat' dir='ltr'>sur</span> <span class='ocrx_word' id='word_1_235' title='bbox 867 1755 1227 1817; x_wconf 65' lang='lat' dir='ltr'>dfferenspoints</span> <span class='ocrx_word' id='word_1_236' title='bbox 1256 1753 1308 1800; x_wconf 84' lang='lat' dir='ltr'>de</span> <span class='ocrx_word' id='word_1_237' title='bbox 1325 1752 1578 1815; x_wconf 66' lang='lat' dir='ltr'>pliyfiologie</span> <span class='ocrx_word' id='word_1_238' title='bbox 1608 1753 1659 1800; x_wconf 82' lang='lat' dir='ltr'>de</span> <span class='ocrx_word' id='word_1_239' title='bbox 1678 1753 1920 1817; x_wconf 72' lang='lat' dir='ltr'>patliologie</span> <span class='ocrx_word' id='word_1_240' title='bbox 1957 1753 2015 1810; x_wconf 73' lang='lat'><em>&amp;</em></span> <span class='ocrx_word' id='word_1_241' title='bbox 2055 1753 2105 1799; x_wconf 82' lang='lat' dir='ltr'>de</span> <span class='ocrx_word' id='word_1_242' title='bbox 2134 1752 2354 1816; x_wconf 74' lang='lat' dir='ltr'>therapeu-</span> 
     </span>
     <span class='ocr_line' id='line_1_25' title="bbox 299 1816 2354 1883; baseline -0.003 -14"><span class='ocrx_word' id='word_1_243' title='bbox 299 1827 415 1883; x_wconf 81' lang='lat' dir='ltr'>tique</span> <span class='ocrx_word' id='word_1_244' title='bbox 449 1823 570 1869; x_wconf 89' lang='lat' dir='ltr'>Paris</span> <span class='ocrx_word' id='word_1_245' title='bbox 596 1836 732 1879; x_wconf 66' lang='lat'><em>1770,</em></span> <span class='ocrx_word' id='word_1_246' title='bbox 756 1823 830 1873; x_wconf 60' lang='grc'><strong>8.*</strong></span> <span class='ocrx_word' id='word_1_247' title='bbox 896 1820 1096 1866; x_wconf 90' lang='lat' dir='ltr'>Plurima</span> <span class='ocrx_word' id='word_1_248' title='bbox 1128 1816 1460 1878; x_wconf 80' lang='lat' dir='ltr'>physiologica,</span> <span class='ocrx_word' id='word_1_249' title='bbox 1505 1816 1673 1878; x_wconf 87' lang='lat' dir='ltr'>absque</span> <span class='ocrx_word' id='word_1_250' title='bbox 1707 1820 1799 1864; x_wconf 88' lang='lat' dir='ltr'>ullo</span> <span class='ocrx_word' id='word_1_251' title='bbox 1838 1820 2162 1877; x_wconf 81' lang='lat' dir='ltr'>experimento.</span> <span class='ocrx_word' id='word_1_252' title='bbox 2231 1820 2354 1864; x_wconf 89' lang='lat' dir='ltr'>Nam</span> 
     </span>
     <span class='ocr_line' id='line_1_26' title="bbox 300 1880 2353 1941; baseline -0.003 -9"><span class='ocrx_word' id='word_1_253' title='bbox 300 1888 355 1932; x_wconf 88' lang='lat' dir='ltr'>ad</span> <span class='ocrx_word' id='word_1_254' title='bbox 383 1886 603 1932; x_wconf 82' lang='lat' dir='ltr'>irritatam</span> <span class='ocrx_word' id='word_1_255' title='bbox 627 1885 837 1930; x_wconf 85' lang='lat' dir='ltr'>arteriam</span> <span class='ocrx_word' id='word_1_256' title='bbox 863 1884 912 1930; x_wconf 85' lang='lat' dir='ltr'>in</span> <span class='ocrx_word' id='word_1_257' title='bbox 944 1899 1052 1929; x_wconf 85' lang='lat' dir='ltr'>cane</span> <span class='ocrx_word' id='word_1_258' title='bbox 1086 1881 1349 1941; x_wconf 76' lang='lat' dir='ltr'>sanguinem</span> <span class='ocrx_word' id='word_1_259' title='bbox 1391 1882 1574 1940; x_wconf 84' lang='lat' dir='ltr'>congeri</span> <span class='ocrx_word' id='word_1_260' title='bbox 1605 1894 1726 1928; x_wconf 91' lang='lat' dir='ltr'>certo</span> <span class='ocrx_word' id='word_1_261' title='bbox 1758 1880 1916 1928; x_wconf 87' lang='lat' dir='ltr'>salsum</span> <span class='ocrx_word' id='word_1_262' title='bbox 1943 1882 2016 1927; x_wconf 86' lang='lat' dir='ltr'>est.</span> <span class='ocrx_word' id='word_1_263' title='bbox 2087 1883 2258 1928; x_wconf 67' lang='lat' dir='ltr'>Sed&#39;tam</span> <span class='ocrx_word' id='word_1_264' title='bbox 2291 1880 2353 1927; x_wconf 87' lang='lat' dir='ltr'>se-</span> 
     </span>
     <span class='ocr_line' id='line_1_27' title="bbox 304 1944 2354 2009; baseline -0.002 -14"><span class='ocrx_word' id='word_1_265' title='bbox 304 1950 462 2009; x_wconf 87' lang='lat' dir='ltr'>quitur</span> <span class='ocrx_word' id='word_1_266' title='bbox 490 1950 532 1994; x_wconf 78' lang='lat' dir='ltr'>la</span> <span class='ocrx_word' id='word_1_267' title='bbox 558 1950 719 1994; x_wconf 82' lang='lat' dir='ltr'>CAZII.</span> <span class='ocrx_word' id='word_1_268' title='bbox 788 1948 1107 2007; x_wconf 81' lang='lat' dir='ltr'>Experimenta</span> <span class='ocrx_word' id='word_1_269' title='bbox 1130 1945 1331 1991; x_wconf 83' lang='lat' dir='ltr'>admittit</span> <span class='ocrx_word' id='word_1_270' title='bbox 1349 1978 1361 1996; x_wconf 92' lang='lat'>,</span> <span class='ocrx_word' id='word_1_271' title='bbox 1411 1960 1488 2004; x_wconf 90' lang='lat' dir='ltr'>per</span> <span class='ocrx_word' id='word_1_272' title='bbox 1515 1961 1614 2004; x_wconf 80' lang='lat' dir='ltr'>quae</span> <span class='ocrx_word' id='word_1_273' title='bbox 1644 1945 1838 1998; x_wconf 86' lang='lat' dir='ltr'>constat,</span> <span class='ocrx_word' id='word_1_274' title='bbox 1881 1957 2018 1991; x_wconf 84' lang='lat' dir='ltr'>certas</span> <span class='ocrx_word' id='word_1_275' title='bbox 2043 1944 2233 1991; x_wconf 88' lang='lat' dir='ltr'>humani</span> <span class='ocrx_word' id='word_1_276' title='bbox 2258 1961 2354 1991; x_wconf 91' lang='lat' dir='ltr'>cor-</span> 
     </span>
     <span class='ocr_line' id='line_1_28' title="bbox 303 2006 2349 2073; baseline -0.002 -15"><span class='ocrx_word' id='word_1_277' title='bbox 303 2015 427 2073; x_wconf 86' lang='lat' dir='ltr'>poris</span> <span class='ocrx_word' id='word_1_278' title='bbox 455 2023 598 2071; x_wconf 86' lang='lat' dir='ltr'>partes</span> <span class='ocrx_word' id='word_1_279' title='bbox 625 2009 851 2057; x_wconf 75' lang='lat' dir='ltr'>insensiles</span> <span class='ocrx_word' id='word_1_280' title='bbox 885 2009 1069 2070; x_wconf 83' lang='lat' dir='ltr'>quidem</span> <span class='ocrx_word' id='word_1_281' title='bbox 1105 2007 1218 2060; x_wconf 80' lang='lat' dir='ltr'>effe3</span> <span class='ocrx_word' id='word_1_282' title='bbox 1272 2024 1430 2053; x_wconf 84' lang='lat' dir='ltr'>verum</span> <span class='ocrx_word' id='word_1_283' title='bbox 1465 2006 1641 2055; x_wconf 83' lang='lat' dir='ltr'>sensiles</span> <span class='ocrx_word' id='word_1_284' title='bbox 1677 2009 1805 2055; x_wconf 79' lang='lat' dir='ltr'>reddi</span> <span class='ocrx_word' id='word_1_285' title='bbox 1837 2025 1914 2069; x_wconf 91' lang='lat' dir='ltr'>per</span> <span class='ocrx_word' id='word_1_286' title='bbox 1944 2006 2349 2055; x_wconf 79' lang='lat' dir='ltr'>inflammationem</span> 
     </span>
     <span class='ocr_line' id='line_1_29' title="bbox 302 2070 2349 2134; baseline -0.002 -12"><span class='ocrx_word' id='word_1_287' title='bbox 302 2075 566 2127; x_wconf 79' lang='lat' dir='ltr'>contendit,</span> <span class='ocrx_word' id='word_1_288' title='bbox 599 2073 736 2134; x_wconf 87' lang='lat' dir='ltr'>ipsam</span> <span class='ocrx_word' id='word_1_289' title='bbox 771 2075 906 2120; x_wconf 88' lang='lat' dir='ltr'>etiam</span> <span class='ocrx_word' id='word_1_290' title='bbox 947 2071 1203 2120; x_wconf 84' lang='lat' dir='ltr'>cellulosam</span> <span class='ocrx_word' id='word_1_291' title='bbox 1237 2073 1386 2117; x_wconf 88' lang='lat' dir='ltr'>telam.</span> <span class='ocrx_word' id='word_1_292' title='bbox 1479 2072 1534 2117; x_wconf 87' lang='lat' dir='ltr'>In</span> <span class='ocrx_word' id='word_1_293' title='bbox 1571 2074 1826 2119; x_wconf 84' lang='lat' dir='ltr'>mutatione</span> <span class='ocrx_word' id='word_1_294' title='bbox 1853 2073 2068 2119; x_wconf 87' lang='lat' dir='ltr'>circuitus</span> <span class='ocrx_word' id='word_1_295' title='bbox 2089 2070 2349 2132; x_wconf 79' lang='lat' dir='ltr'>sanguinis,</span> 
     </span>
     <span class='ocr_line' id='line_1_30' title="bbox 304 2134 2352 2200; baseline -0.002 -14"><span class='ocrx_word' id='word_1_296' title='bbox 304 2155 402 2200; x_wconf 83' lang='lat' dir='ltr'>quae</span> <span class='ocrx_word' id='word_1_297' title='bbox 431 2156 453 2185; x_wconf 85' lang='lat' dir='ltr'>a</span> <span class='ocrx_word' id='word_1_298' title='bbox 482 2137 774 2197; x_wconf 79' lang='lat' dir='ltr'>respiratione</span> <span class='ocrx_word' id='word_1_299' title='bbox 807 2136 889 2192; x_wconf 72' lang='lat' dir='ltr'>fic,</span> <span class='ocrx_word' id='word_1_300' title='bbox 924 2153 1101 2183; x_wconf 88' lang='lat' dir='ltr'>mecum</span> <span class='ocrx_word' id='word_1_301' title='bbox 1133 2134 1283 2181; x_wconf 87' lang='lat' dir='ltr'>sentit.</span> <span class='ocrx_word' id='word_1_302' title='bbox 1354 2135 1712 2182; x_wconf 87' lang='lat' dir='ltr'>Irritabilitatem</span> <span class='ocrx_word' id='word_1_303' title='bbox 1751 2136 1968 2183; x_wconf 90' lang='lat' dir='ltr'>omnibus</span> <span class='ocrx_word' id='word_1_304' title='bbox 2009 2136 2215 2195; x_wconf 87' lang='lat' dir='ltr'>corporis</span> <span class='ocrx_word' id='word_1_305' title='bbox 2255 2136 2352 2182; x_wconf 88' lang='lat' dir='ltr'>ani-</span> 
     </span>
     <span class='ocr_line' id='line_1_31' title="bbox 301 2196 2350 2262; baseline -0.001 -14"><span class='ocrx_word' id='word_1_306' title='bbox 301 2203 432 2249; x_wconf 81' lang='lat' dir='ltr'>malis</span> <span class='ocrx_word' id='word_1_307' title='bbox 454 2202 656 2262; x_wconf 84' lang='lat' dir='ltr'>partibus</span> <span class='ocrx_word' id='word_1_308' title='bbox 683 2202 857 2248; x_wconf 81' lang='lat' dir='ltr'>tribuit.</span> <span class='ocrx_word' id='word_1_309' title='bbox 925 2202 1077 2261; x_wconf 81' lang='lat' dir='ltr'>Negat</span> <span class='ocrx_word' id='word_1_310' title='bbox 1102 2216 1125 2245; x_wconf 89' lang='lat' dir='ltr'>a</span> <span class='ocrx_word' id='word_1_311' title='bbox 1148 2196 1369 2259; x_wconf 86' lang='lat' dir='ltr'>preffione</span> <span class='ocrx_word' id='word_1_312' title='bbox 1399 2199 1633 2258; x_wconf 84' lang='lat' dir='ltr'>glandulas</span> <span class='ocrx_word' id='word_1_313' title='bbox 1656 2200 1878 2247; x_wconf 87' lang='lat' dir='ltr'>evacuari.</span> <span class='ocrx_word' id='word_1_314' title='bbox 1947 2201 2108 2246; x_wconf 86' lang='lat' dir='ltr'>Motus</span> <span class='ocrx_word' id='word_1_315' title='bbox 2132 2200 2350 2246; x_wconf 87' lang='lat' dir='ltr'>animales</span> 
     </span>
     <span class='ocr_line' id='line_1_32' title="bbox 303 2261 2353 2324; baseline -0 -13"><span class='ocrx_word' id='word_1_316' title='bbox 303 2265 382 2312; x_wconf 79' lang='lat' dir='ltr'>esse</span> <span class='ocrx_word' id='word_1_317' title='bbox 411 2282 434 2311; x_wconf 88' lang='lat' dir='ltr'>a</span> <span class='ocrx_word' id='word_1_318' title='bbox 462 2266 508 2311; x_wconf 86' lang='lat' dir='ltr'>vi</span> <span class='ocrx_word' id='word_1_319' title='bbox 536 2264 746 2310; x_wconf 86' lang='lat' dir='ltr'>irritabili</span> <span class='ocrx_word' id='word_1_320' title='bbox 829 2264 1057 2310; x_wconf 83' lang='lat' dir='ltr'>Globulos</span> <span class='ocrx_word' id='word_1_321' title='bbox 1080 2261 1350 2324; x_wconf 85' lang='lat' dir='ltr'>sanguineos</span> <span class='ocrx_word' id='word_1_322' title='bbox 1386 2262 1441 2308; x_wconf 85' lang='lat' dir='ltr'>ab</span> <span class='ocrx_word' id='word_1_323' title='bbox 1472 2261 1630 2309; x_wconf 88' lang='lat' dir='ltr'>adfuso</span> <span class='ocrx_word' id='word_1_324' title='bbox 1664 2276 1789 2311; x_wconf 86' lang='lat' dir='ltr'>aceto</span> <span class='ocrx_word' id='word_1_325' title='bbox 1814 2264 2010 2309; x_wconf 88' lang='lat' dir='ltr'>minores</span> <span class='ocrx_word' id='word_1_326' title='bbox 2037 2262 2150 2310; x_wconf 86' lang='lat' dir='ltr'>fieri.</span> <span class='ocrx_word' id='word_1_327' title='bbox 2218 2264 2353 2311; x_wconf 81' lang='lat' dir='ltr'>Utili-</span> 
     </span>
     <span class='ocr_line' id='line_1_33' title="bbox 300 2326 926 2376; baseline -0.003 0"><span class='ocrx_word' id='word_1_328' title='bbox 300 2342 368 2376; x_wconf 77' lang='lat' dir='ltr'>tas</span> <span class='ocrx_word' id='word_1_329' title='bbox 391 2331 556 2375; x_wconf 87' lang='lat' dir='ltr'>retium</span> <span class='ocrx_word' id='word_1_330' title='bbox 579 2326 926 2374; x_wconf 82' lang='lat' dir='ltr'>vasculosorum.</span> 
     </span>
    </p>
   </div>
   <div class='ocr_carea' id='block_1_15' title="bbox 300 2405 2352 2712">
    <p class='ocr_par' dir='ltr' id='par_1_15' title="bbox 300 2405 2352 2712">
     <span class='ocr_line' id='line_1_34' title="bbox 434 2405 2352 2470; baseline -0.002 -14"><span class='ocrx_word' id='word_1_331' title='bbox 434 2412 711 2457; x_wconf 80' lang='lat' dir='ltr'>DELEVRYE</span> <span class='ocrx_word' id='word_1_332' title='bbox 755 2412 890 2455; x_wconf 68' lang='lat' dir='ltr'>truite</span> <span class='ocrx_word' id='word_1_333' title='bbox 924 2409 994 2456; x_wconf 76' lang='lat' dir='ltr'>(les</span> <span class='ocrx_word' id='word_1_334' title='bbox 1035 2405 1348 2456; x_wconf 80' lang='lat' dir='ltr'>accouchemens</span> <span class='ocrx_word' id='word_1_335' title='bbox 1380 2425 1428 2454; x_wconf 74' lang='lat' dir='ltr'>en</span> <span class='ocrx_word' id='word_1_336' title='bbox 1456 2407 1621 2470; x_wconf 75' lang='lat' dir='ltr'>faveur</span> <span class='ocrx_word' id='word_1_337' title='bbox 1654 2408 1724 2455; x_wconf 81' lang='lat' dir='ltr'>des</span> <span class='ocrx_word' id='word_1_338' title='bbox 1763 2409 1894 2456; x_wconf 80' lang='lat' dir='ltr'>ele&#39;ves</span> <span class='ocrx_word' id='word_1_339' title='bbox 1948 2407 2070 2456; x_wconf 88' lang='lat' dir='ltr'>Paris</span> <span class='ocrx_word' id='word_1_340' title='bbox 2097 2420 2232 2466; x_wconf 78' lang='lat'><em>1770.</em></span> <span class='ocrx_word' id='word_1_341' title='bbox 2272 2405 2352 2462; x_wconf 78' lang='lat'>8.*</span> 
     </span>
     <span class='ocr_line' id='line_1_35' title="bbox 300 2469 2348 2533; baseline -0.002 -12"><span class='ocrx_word' id='word_1_342' title='bbox 300 2474 448 2522; x_wconf 75' lang='lat' dir='ltr'>Pelvis</span> <span class='ocrx_word' id='word_1_343' title='bbox 470 2472 650 2531; x_wconf 69' lang='lat' dir='ltr'>feminee</span> <span class='ocrx_word' id='word_1_344' title='bbox 677 2484 883 2519; x_wconf 78' lang='lat' dir='ltr'>accurata</span> <span class='ocrx_word' id='word_1_345' title='bbox 905 2472 1172 2533; x_wconf 87' lang='lat' dir='ltr'>descriptio,</span> <span class='ocrx_word' id='word_1_346' title='bbox 1208 2484 1307 2518; x_wconf 90' lang='lat' dir='ltr'>tum</span> <span class='ocrx_word' id='word_1_347' title='bbox 1338 2483 1482 2530; x_wconf 81' lang='lat' dir='ltr'>partes</span> <span class='ocrx_word' id='word_1_348' title='bbox 1512 2473 1743 2532; x_wconf 76' lang='lat' dir='ltr'>genitales.</span> <span class='ocrx_word' id='word_1_349' title='bbox 1814 2474 1868 2519; x_wconf 90' lang='lat' dir='ltr'>In</span> <span class='ocrx_word' id='word_1_350' title='bbox 1896 2489 2026 2519; x_wconf 84' lang='lat' dir='ltr'>utero</span> <span class='ocrx_word' id='word_1_351' title='bbox 2058 2473 2237 2518; x_wconf 87' lang='lat' dir='ltr'>nullum</span> <span class='ocrx_word' id='word_1_352' title='bbox 2267 2469 2348 2517; x_wconf 81' lang='lat' dir='ltr'>effe</span> 
     </span>
     <span class='ocr_line' id='line_1_36' title="bbox 301 2533 2348 2601; baseline -0.002 -17"><span class='ocrx_word' id='word_1_353' title='bbox 301 2536 561 2601; x_wconf 66' lang='lat' dir='ltr'>musculum</span> <span class='ocrx_word' id='word_1_354' title='bbox 574 2555 588 2589; x_wconf 80' lang='lat'><em>3</em></span> <span class='ocrx_word' id='word_1_355' title='bbox 625 2534 899 2597; x_wconf 84' lang='lat' dir='ltr'>lymphatica</span> <span class='ocrx_word' id='word_1_356' title='bbox 926 2535 1025 2581; x_wconf 84' lang='lat' dir='ltr'>vasa</span> <span class='ocrx_word' id='word_1_357' title='bbox 1054 2536 1173 2582; x_wconf 85' lang='lat' dir='ltr'>uteri</span> <span class='ocrx_word' id='word_1_358' title='bbox 1199 2533 1378 2595; x_wconf 78' lang='lat' dir='ltr'>copiosa</span> <span class='ocrx_word' id='word_1_359' title='bbox 1396 2536 1593 2596; x_wconf 85' lang='lat' dir='ltr'>reperiri.</span> <span class='ocrx_word' id='word_1_360' title='bbox 1663 2535 1914 2584; x_wconf 86' lang='lat' dir='ltr'>Craffitiem</span> <span class='ocrx_word' id='word_1_361' title='bbox 1940 2536 1989 2582; x_wconf 89' lang='lat' dir='ltr'>in</span> <span class='ocrx_word' id='word_1_362' title='bbox 2010 2548 2141 2583; x_wconf 86' lang='lat' dir='ltr'>utero</span> <span class='ocrx_word' id='word_1_363' title='bbox 2161 2534 2348 2595; x_wconf 83' lang='lat' dir='ltr'>gravido</span> 
     </span>
     <span class='ocr_line' id='line_1_37' title="bbox 301 2598 2348 2711; baseline -0.001 -65"><span class='ocrx_word' id='word_1_364' title='bbox 301 2618 399 2711; x_wconf 71' lang='lat' dir='ltr'>ifion</span> <span class='ocrx_word' id='word_1_365' title='bbox 426 2601 606 2648; x_wconf 85' lang='lat' dir='ltr'>mutari.</span> <span class='ocrx_word' id='word_1_366' title='bbox 679 2600 850 2646; x_wconf 88' lang='lat' dir='ltr'>Partus.</span> <span class='ocrx_word' id='word_1_367' title='bbox 919 2599 989 2644; x_wconf 94' lang='lat' dir='ltr'>De</span> <span class='ocrx_word' id='word_1_368' title='bbox 1022 2598 1246 2659; x_wconf 86' lang='lat' dir='ltr'>hymene,</span> <span class='ocrx_word' id='word_1_369' title='bbox 1285 2598 1338 2645; x_wconf 82' lang='lat' dir='ltr'>de</span> <span class='ocrx_word' id='word_1_370' title='bbox 1373 2600 1667 2661; x_wconf 84' lang='lat' dir='ltr'>graviditate,</span> <span class='ocrx_word' id='word_1_371' title='bbox 1706 2602 1760 2648; x_wconf 93' lang='lat' dir='ltr'>de</span> <span class='ocrx_word' id='word_1_372' title='bbox 1798 2601 2014 2649; x_wconf 87' lang='lat' dir='ltr'>circuitus</span> <span class='ocrx_word' id='word_1_373' title='bbox 2039 2599 2269 2660; x_wconf 83' lang='lat' dir='ltr'>sanguinis</span> <span class='ocrx_word' id='word_1_374' title='bbox 2297 2598 2348 2644; x_wconf 85' lang='lat' dir='ltr'>in</span> 
     </span>
     <span class='ocr_line' id='line_1_38' title="bbox 323 2677 692 2712; baseline -0.005 0"><span class='ocrx_word' id='word_1_375' title='bbox 323 2678 398 2712; x_wconf 85' lang='lat' dir='ltr'>etu</span> <span class='ocrx_word' id='word_1_376' title='bbox 424 2677 692 2711; x_wconf 80' lang='lat' dir='ltr'>mutatione.</span> 
     </span>
    </p>
   </div>
   <div class='ocr_carea' id='block_1_16' title="bbox 302 2742 2348 2870">
    <p class='ocr_par' dir='ltr' id='par_1_16' title="bbox 302 2742 2348 2870">
     <span class='ocr_line' id='line_1_39' title="bbox 433 2742 2346 2804; baseline -0.001 -12"><span class='ocrx_word' id='word_1_377' title='bbox 433 2748 536 2793; x_wconf 91' lang='lat' dir='ltr'>Hoc</span> <span class='ocrx_word' id='word_1_378' title='bbox 562 2761 684 2791; x_wconf 89' lang='lat' dir='ltr'>anno</span> <span class='ocrx_word' id='word_1_379' title='bbox 711 2745 759 2790; x_wconf 90' lang='lat' dir='ltr'>ni</span> <span class='ocrx_word' id='word_1_380' title='bbox 785 2742 939 2798; x_wconf 86' lang='lat' dir='ltr'>fallor,</span> <span class='ocrx_word' id='word_1_381' title='bbox 974 2742 1143 2804; x_wconf 86' lang='lat' dir='ltr'>prodiit</span> <span class='ocrx_word' id='word_1_382' title='bbox 1169 2745 1224 2791; x_wconf 89' lang='lat' dir='ltr'>G.</span> <span class='ocrx_word' id='word_1_383' title='bbox 1250 2747 1330 2792; x_wconf 84' lang='lat' dir='ltr'>Du</span> <span class='ocrx_word' id='word_1_384' title='bbox 1353 2747 1564 2793; x_wconf 78' lang='lat' dir='ltr'>CHEMIN</span> <span class='ocrx_word' id='word_1_385' title='bbox 1587 2744 1640 2790; x_wconf 83' lang='lat' dir='ltr'>de</span> <span class='ocrx_word' id='word_1_386' title='bbox 1663 2746 1923 2799; x_wconf 83' lang='lat' dir='ltr'>l’ESTANG,</span> <span class='ocrx_word' id='word_1_387' title='bbox 1955 2744 2148 2796; x_wconf 84' lang='lat' dir='ltr'>Medici,</span> <span class='ocrx_word' id='word_1_388' title='bbox 2179 2746 2346 2790; x_wconf 82' lang='lat' dir='ltr'>me&#39;moi-</span> 
     </span>
     <span class='ocr_line' id='line_1_40' title="bbox 302 2806 2348 2870; baseline -0 -15"><span class='ocrx_word' id='word_1_389' title='bbox 302 2827 350 2855; x_wconf 79' lang='lat' dir='ltr'>re</span> <span class='ocrx_word' id='word_1_390' title='bbox 371 2808 451 2867; x_wconf 71' lang='lat' dir='ltr'>fiir</span> <span class='ocrx_word' id='word_1_391' title='bbox 485 2810 527 2855; x_wconf 81' lang='lat' dir='ltr'>la</span> <span class='ocrx_word' id='word_1_392' title='bbox 562 2809 680 2868; x_wconf 74' lang='lat' dir='ltr'>cause</span> <span class='ocrx_word' id='word_1_393' title='bbox 715 2808 766 2854; x_wconf 88' lang='lat' dir='ltr'>de</span> <span class='ocrx_word' id='word_1_394' title='bbox 794 2808 835 2854; x_wconf 78' lang='lat' dir='ltr'>la</span> <span class='ocrx_word' id='word_1_395' title='bbox 870 2820 983 2855; x_wconf 83' lang='lat' dir='ltr'>mort</span> <span class='ocrx_word' id='word_1_396' title='bbox 1010 2807 1082 2852; x_wconf 82' lang='lat' dir='ltr'>des</span> <span class='ocrx_word' id='word_1_397' title='bbox 1109 2813 1257 2866; x_wconf 75' lang='lat' dir='ltr'>noye&#39;s,</span> <span class='ocrx_word' id='word_1_398' title='bbox 1287 2822 1406 2870; x_wconf 82' lang='lat' dir='ltr'>pour</span> <span class='ocrx_word' id='word_1_399' title='bbox 1429 2809 1576 2867; x_wconf 59' lang='lat' dir='ltr'>servir</span> <span class='ocrx_word' id='word_1_400' title='bbox 1600 2808 1650 2854; x_wconf 84' lang='lat' dir='ltr'>de</span> <span class='ocrx_word' id='word_1_401' title='bbox 1682 2809 1849 2869; x_wconf 63' lang='lat' dir='ltr'>reponfie</span> <span class='ocrx_word' id='word_1_402' title='bbox 1879 2811 1904 2854; x_wconf 72' lang='grc' dir='ltr'><em>ά</em></span> <span class='ocrx_word' id='word_1_403' title='bbox 1936 2814 2003 2855; x_wconf 83' lang='grc' dir='ltr'><strong>Μ.</strong></span> <span class='ocrx_word' id='word_1_404' title='bbox 2033 2809 2247 2856; x_wconf 82' lang='lat' dir='ltr'>FAISOLE</span> <span class='ocrx_word' id='word_1_405' title='bbox 2287 2806 2348 2864; x_wconf 51' lang='grc' dir='ltr'>ἐξ*</span> 
     </span>
    </p>
   </div>
   <div class='ocr_carea' id='block_1_17' title="bbox 301 2869 2381 2932">
    <p class='ocr_par' dir='ltr' id='par_1_17' title="bbox 301 2869 2381 2932">
     <span class='ocr_line' id='line_1_41' title="bbox 301 2869 2381 2932; baseline 0 -14"><span class='ocrx_word' id='word_1_406' title='bbox 301 2873 628 2919; x_wconf 65' lang='grc' dir='ltr'>(ΞΗΑΜΡΕΑυκ</span> <span class='ocrx_word' id='word_1_407' title='bbox 669 2907 680 2917; x_wconf 95' lang='grc'><strong>.</strong></span> <span class='ocrx_word' id='word_1_408' title='bbox 738 2907 749 2917; x_wconf 93' lang='grc'><strong>.</strong></span> <span class='ocrx_word' id='word_1_409' title='bbox 803 2907 813 2918; x_wconf 94' lang='grc'><strong>.</strong></span> <span class='ocrx_word' id='word_1_410' title='bbox 860 2908 869 2918; x_wconf 92' lang='grc'><strong>.</strong></span> <span class='ocrx_word' id='word_1_411' title='bbox 910 2869 1014 2918; x_wconf 63' lang='lat'>12*</span> <span class='ocrx_word' id='word_1_412' title='bbox 1064 2871 1123 2922; x_wconf 79' lang='lat'>8⁰.</span> <span class='ocrx_word' id='word_1_413' title='bbox 1156 2872 1198 2916; x_wconf 84' lang='lat' dir='ltr'>B.</span> <span class='ocrx_word' id='word_1_414' title='bbox 1223 2871 1347 2917; x_wconf 81' lang='lat' dir='ltr'>Chir.</span> <span class='ocrx_word' id='word_1_415' title='bbox 1377 2874 1434 2919; x_wconf 86' lang='lat' dir='ltr'>Il.</span> <span class='ocrx_word' id='word_1_416' title='bbox 1467 2879 1569 2930; x_wconf 86' lang='lat'>560.</span> <span class='ocrx_word' id='word_1_417' title='bbox 1643 2873 1695 2917; x_wconf 86' lang='lat' dir='ltr'>ln</span> <span class='ocrx_word' id='word_1_418' title='bbox 1728 2870 1952 2918; x_wconf 84' lang='lat' dir='ltr'>submerso</span> <span class='ocrx_word' id='word_1_419' title='bbox 1985 2873 2110 2918; x_wconf 85' lang='lat' dir='ltr'>nulla</span> <span class='ocrx_word' id='word_1_420' title='bbox 2145 2888 2260 2932; x_wconf 85' lang='lat' dir='ltr'>aqua</span> <span class='ocrx_word' id='word_1_421' title='bbox 2295 2873 2347 2918; x_wconf 90' lang='lat' dir='ltr'>in</span> <span class='ocrx_word' id='word_1_422' title='bbox 2373 2902 2381 2905; x_wconf 26' lang='lat'>⁷-</span> 
     </span>
    </p>
   </div>
   <div class='ocr_carea' id='block_1_18' title="bbox 298 2932 2347 3113">
    <p class='ocr_par' dir='ltr' id='par_1_18' title="bbox 298 2932 2347 3113">
     <span class='ocr_line' id='line_1_42' title="bbox 305 2932 2346 2999; baseline -0 -18"><span class='ocrx_word' id='word_1_423' title='bbox 305 2936 573 2988; x_wconf 80' lang='lat' dir='ltr'>ventriculo,</span> <span class='ocrx_word' id='word_1_424' title='bbox 607 2936 655 2980; x_wconf 87' lang='lat' dir='ltr'>in</span> <span class='ocrx_word' id='word_1_425' title='bbox 681 2936 896 2995; x_wconf 88' lang='lat' dir='ltr'>pulmone</span> <span class='ocrx_word' id='word_1_426' title='bbox 920 2936 1044 2981; x_wconf 89' lang='lat' dir='ltr'>nulla</span> <span class='ocrx_word' id='word_1_427' title='bbox 1072 2932 1147 2986; x_wconf 80' lang='lat' dir='ltr'>est,</span> <span class='ocrx_word' id='word_1_428' title='bbox 1183 2947 1344 2996; x_wconf 78' lang='lat' dir='ltr'>praeter</span> <span class='ocrx_word' id='word_1_429' title='bbox 1361 2935 1544 2985; x_wconf 83' lang='lat' dir='ltr'>solitum</span> <span class='ocrx_word' id='word_1_430' title='bbox 1568 2938 1619 2985; x_wconf 87' lang='lat' dir='ltr'>in</span> <span class='ocrx_word' id='word_1_431' title='bbox 1637 2935 1733 2985; x_wconf 84' lang='lat' dir='ltr'>sani</span> <span class='ocrx_word' id='word_1_432' title='bbox 1752 2937 1884 2985; x_wconf 84' lang='lat' dir='ltr'>etiam</span> <span class='ocrx_word' id='word_1_433' title='bbox 1902 2933 2101 2985; x_wconf 84' lang='lat' dir='ltr'>hominis</span> <span class='ocrx_word' id='word_1_434' title='bbox 2127 2937 2346 2999; x_wconf 86' lang='lat' dir='ltr'>pulmone</span> 
     </span>
     <span class='ocr_line' id='line_1_43' title="bbox 298 2997 1121 3061; baseline -0.002 -13"><span class='ocrx_word' id='word_1_435' title='bbox 298 2998 615 3060; x_wconf 64' lang='lat' dir='ltr'>,reperiendum</span> <span class='ocrx_word' id='word_1_436' title='bbox 638 3014 823 3048; x_wconf 87' lang='lat' dir='ltr'>mucum</span> <span class='ocrx_word' id='word_1_437' title='bbox 844 2997 1121 3061; x_wconf 75' lang='lat' dir='ltr'>spumosum.</span> 
     </span>
     <span class='ocr_line' id='line_1_44' title="bbox 2197 3066 2347 3113; baseline -0.027 0"><span class='ocrx_word' id='word_1_438' title='bbox 2197 3066 2347 3113; x_wconf 77' lang='lat' dir='ltr'>Pierre</span> 
     </span>
    </p>
   </div>
   <div class='ocr_carea' id='block_1_19' title="bbox 2420 491 2498 526">
    <p class='ocr_par' dir='ltr' id='par_1_19' title="bbox 2420 491 2498 526">
     <span class='ocr_line' id='line_1_45' title="bbox 2420 491 2498 526; baseline -0.038 0"><span class='ocrx_word' id='word_1_439' title='bbox 2420 491 2498 526; x_wconf 59' lang='lat'>⁴⁴⁴..</span> 
     </span>
    </p>
   </div>
  </div>
 </body>
</html>
