2531 3394
708 106 882 169 §.922
915 86 1116 170 4924.
1185 74 1514 163 SrHAflES.
1581 113 1745 163 ALII.
1835 109 1839 117 '
1935 95 1939 98 i
2091 190 2095 196 ἢ
2159 125 2247 177 189

333 239 505 300 EJUSD.
560 238 746 286 Statim!
783 237 910 301 effzys
938 241 1195 298 containing
1216 235 1477 298 hemastatiks
1519 238 1714 285 London
1749 254 1876 298 1733.
1914 242 1996 302 4*
2051 246 2250 293 Genevae

132 328 157 333 2
191 301 455 362 01744.'4.*
492 313 697 349 vertente
721 303 937 361 Francifio
965 302 1207 361 Boxssuzn.
1277 301 1545 347 Germanice
1576 317 1680 347 cum
1716 305 1811 364 ejus
1838 307 1923 351 viri
1949 310 2093 361 notis,
2131 311 2250 357 Hall.

183 373 346 425 ¹1748.
369 377 414 424 4.
483 366 636 412 Italice
670 367 839 426 Napoli
866 378 998 423 1750.
1028 364 1182 414 2.Vol.
1217 370 1260 418 8.
1296 365 1351 409 ad
1369 362 1619 410 versionem
1655 366 1726 412 Cl.
1757 366 1808 412 de
1841 369 2112 418 SAuvixc-Es.
2181 375 2252 420 Ex

147 440 175 453 ’·
195 429 430 491 'primariis
455 427 658 476 fontibus
682 429 996 489 physiologiae,
1043 428 1173 488 cujus
1214 429 1364 487 plures
1401 439 1547 487 partes
1576 430 1905 489 ‘experimentis
1937 434 2176 493 ingeniosis
2209 438 2251 482 δε

207 490 469 539 difficilibus
503 493 743 553 expedivit.
812 493 883 537 De
910 489 1025 537 saltu
1050 489 1307 551 sanguinis,
1351 491 1545 550 primum
1576 491 1630 538 de
1664 494 1838 539 arteriis
1869 497 1971 553 equi
2008 497 2056 540 in
2090 499 2252 545 tubum

206 557 404 603 vitreum
441 555 712 604 subsilientis
735 574 748 607 3
786 557 826 601 &
852 555 906 600 de
934 555 1030 614 ejus
1055 553 1189 600 saltus
1219 555 1269 600 in
1295 554 1532 601 debilitato
1557 558 1748 602 animale
1770 558 2089 608 diminutione.
2173 564 2255 606 Ae-

163 655 171 658 -
206 620 402 666 stimatio
435 636 545 666 areae
576 620 738 666 cordis.
806 617 916 664 Inde
945 618 1147 663 celeritas
1167 629 1427 678 computata
1449 617 1696 679 sanguinis,
1735 622 1776 666 ἃ
1803 622 1999 680 pondu&
2036 623 2161 681 quod
2179 640 2256 669 cor

205 676 406 736 sustinet,
435 682 530 729 haec
542 700 596 728 ex
611 683 743 728 variis
763 681 1029 727 animalibus
1046 680 1101 725 ad
1121 679 1352 726 hominem
1375 684 1603 728 translata.
1672 684 1935 730 Retardatio
1959 683 2190 745 sanguinis
2206 687 2256 732 in

208 745 320 793 vasis
350 745 660 807 capillaribus,
698 761 776 805 per
795 745 1088 804 injecstionem
1115 747 1156 790 &
1187 746 1461 791 celeritatem
1488 746 1758 793 diminutam
1776 746 1987 794 transitus
2012 764 2088 808 per
2111 765 2257 795 ramos

210 810 423 856 minimos
450 821 722 869 computata.
792 808 1008 853 Celeritas
1036 808 1180 867 major
1207 809 1257 854 in
1279 810 1528 869 pulmone:
1565 811 1651 857 iter
1681 825 1809 870 aquae
1833 829 1889 858 ex
1916 809 2026 859 vasis
2047 812 2193 858 rubris
2210 814 2260 858 in

209 882 338 920 aerea
364 886 594 932 apertum,
632 887 729 917 non
762 871 948 931 perinde
981 872 1073 917 aeri
1105 872 1312 918 liberum.
1395 873 1467 918 De
1501 872 1792 933 respiratione
1819 875 1998 935 aliqua:
2035 883 2182 921 aerem
2210 876 2259 922 in

209 953 320 983 cavo
375 935 556 982 thorace
606 934 823 981 admittit.
925 935 1133 980 Calorem
1185 952 1209 981 a
1258 934 1467 982 &ustione
1522 938 1814 997 globulorum
1869 939 2116 985 rubrorum
2170 940 2260 985 ori-

208 1003 278 1046 ri:
318 1015 438 1045 noxa
461 1002 574 1045 aeris
601 997 759 1051 calidi,
798 1015 944 1058 neque
972 1010 1124 1044 tamen
1148 997 1419 1059 sanguinem
1442 1001 1489 1045 in
1517 1003 1732 1060 pulmone
1765 1003 2004 1063 conprimi.
2089 1003 2261 1048 Contra

202 1063 437 1110 breviores
465 1063 611 1108 urinae
635 1062 744 1108 vias.
798 1063 882 1108 Pro
909 1060 1188 1107 resorbtione
1211 1079 1430 1109 venarum
1456 1062 1863 1111 molbium-icarum.
1917 1068 1985 1112 De
2011 1068 2056 1112 vi
2076 1065 2263 1111 adstrin-

210 1140 347 1186 gente
368 1139 447 1172 aut
477 1127 656 1171 laxante
679 1123 783 1171 vasa
806 1125 967 1171 nostra.
1049 1126 1172 1171 Inter
1200 1128 1383 1173 arterias
1414 1129 1455 1173 &
1495 1144 1629 1174 venas
1659 1142 1793 1189 negat
1819 1131 1902 1176 iter
1936 1131 2126 1176 liberum
2160 1128 2260 1176 else.

209 1192 279 1236 De
308 1190 443 1234 modo
469 1188 571 1235 vasa
595 1189 804 1235 animalia
825 1189 1044 1249 replendi.
1097 1190 1256 1235 Robur
1279 1191 1545 1237 arteriarum
1580 1194 1620 1237 ὃς
1643 1209 1891 1239 venarum:
1921 1204 2026 1253 'quae
2052 1193 2099 1238 id
2121 1194 2263 1239 robur

210 1264 403 1313 augeant
431 1254 473 1299 &
495 1253 721 1298 minuant.
805 1254 937 1299 Vires
967 1254 1252 1300 contrac‘tiles
1284 1252 1502 1299 fibrarum
1534 1253 1687 1308 serici,
1724 1257 1989 1310 tendinum,
2019 1257 2264 1303 ventriculi

209 1316 376 1363 canini.
447 1317 573 1376 Aqua
587 1317 636 1362 in
657 1333 796 1362 anum
819 1317 983 1376 injecta
1008 1328 1214 1376 penetrat
1234 1317 1289 1363 ad
1316 1335 1365 1364 os
1392 1316 1547 1379 usque.
1609 1321 1761 1368 Multa
1786 1321 1840 1367 de
1864 1328 1967 1384 aere
1989 1320 2084 1368 fixo
2105 1337 2264 1382 corpo-

210 1395 328 1426 rum.
397 1381 460 1427 Ut
489 1387 562 1426 ae'r
589 1378 848 1440 respirando
884 1393 1215 1441 corrumpatur.

338 1461 514 1521 EJUSD.
554 1459 867 1523 Philosophical
890 1466 1169 1522 experiments
1204 1462 1399 1509 London
1421 1476 1554 1523 1739.
1579 1462 1658 1519 8.*
1707 1465 1802 1519 Vix
1828 1464 1917 1513 huc
1942 1467 2154 1527 pertinet,
2179 1464 2264 1514 nisi

207 1526 366 1572 muriae
387 1523 599 1584 impulsio
622 1527 673 1572 in
700 1523 802 1571 vasa
826 1525 1032 1572 animalis
1061 1526 1116 1572 ad
1142 1527 1416 1574 condiendas
1443 1544 1612 1576 carnes.

336 1606 412 1666 EJ.
467 1607 658 1666 Treatise
684 1623 737 1653 on
773 1607 1028 1654 ventilators
1065 1608 1261 1654 London
1286 1616 1421 1666 1758.
1453 1608 1531 1663 8.*
1599 1610 1669 1658 Ad
1697 1616 1844 1657 aerem
1880 1610 1936 1658 ab
1975 1611 2265 1660 exhalatione

186 1666 410 1716 humana
436 1684 726 1731 corruptum,
765 1672 805 1717 ἃ
839 1671 893 1717 ad
925 1671 1132 1717 eumdem
1160 1673 1510 1720 emendandum.

337 1751 410 1810 EJ.
448 1754 590 1798 Sermo
616 1755 875 1798 Crounianus
901 1756 1004 1798 anni
1036 1765 1172 1811 1751.
1210 1754 1406 1800 London
1428 1752 1511 1814 4*
1576 1756 1791 1803 Hominis
1814 1758 2145 1804 incrementum
2176 1759 2268 1806 uti-

212 1814 315 1861 liter
337 1830 365 1859 a
390 1815 647 1875 cartilagine
676 1813 1010 1869 circumscribi,
1047 1833 1146 1876 quae
1174 1834 1226 1864 os
1253 1815 1398 1864 finiat.
1494 1818 1564 1865 Ad
1596 1818 1796 1866 hominis
1826 1820 2088 1867 felicitatem
2134 1825 2269 1869 etiam

212 1878 364 1923 minus
388 1875 599 1925 sensuum
634 1894 825 1924 acumen
851 1880 1102 1938 pertinere,
1149 1898 1253 1927 cum
1290 1882 1588 1928 intolerabilis
1621 1884 1670 1928 in
1701 1884 1898 1930 videndo
1929 1884 2058 1932 dolor
2089 1884 2266 1939 fuisset,

211 1938 244 1988 fi
269 1957 395 2001 aeque
426 1940 654 2003 profunda
679 1943 792 1988 radii
818 1943 1006 1989 violacei
1032 1943 1136 1991 effet
1153 1943 1381 2005 impreffio
1400 1979 1413 1998 ,
1450 1962 1584 2006 quam
1617 1946 1678 1992 est
1710 1949 1852 1995 rubri.

391 2066 438 2124 §.
475 2070 517 2116 D
535 2070 944 2117 CCCCXXIV.
1012 2074 1058 2125 J.
1083 2069 1312 2118 Leonhard
1326 2073 1511 2120 EutrR.
1588 2078 1638 2122 G.
1662 2079 1708 2122 E.
1734 2077 2073 2125 HAMBERGER.

338 2169 385 2220 J.
408 2164 675 2213 Leonhardus
697 2167 869 2212 EULER
890 2201 901 2220 ,
932 2166 1212 2220 Basileensis,
1247 2168 1546 2216 Berolinensis
1572 2172 1613 2217 ἃ
1634 2172 1999 2234 Petropolitanus
2023 2173 2264 2229 Professor,

213 2229 283 2276 vir
312 2230 362 2276 in
386 2231 568 2276 calculis
593 2228 873 2276 difficillimis
899 2232 1090 2284 unicus,
1130 2230 1285 2291 paffim
1316 2232 1495 2292 physica
1519 2234 1694 2295 adtigit.

342 2311 398 2357 In
425 2309 516 2356 diff.
540 2312 798 2372 inaugurali
826 2311 878 2357 de
895 2313 999 2372 sono
1036 2310 1162 2359 Basil.
1181 2325 1316 2371 1727.
1341 2316 1418 2372 4*
1451 2331 1551 2375 quae
1582 2316 1753 2377 physici
1782 2319 1842 2365 est
1863 2321 2134 2381 argumenti.

342 2389 498 2438 Fusius
531 2393 685 2438 eadem
716 2393 832 2439 redit
861 2394 910 2438 in
933 2394 1095 2453 majori
1127 2410 1284 2454 opere,
1319 2401 1552 2443 tentamine
1582 2415 1697 2445 nome
1726 2399 1891 2448 theoriae
1923 2401 2076 2460 muficae
2120 2403 2269 2448 Petro-

213 2456 465 2516 poli1739.
495 2457 572 2513 4.*
639 2456 747 2515 Ejus
775 2457 972 2516 primum
999 2469 1134 2517 caput
1163 2457 1224 2503 est
1257 2458 1310 2504 de
1336 2460 1525 2506 auditu:
1559 2462 1837 2510 Suavitatem
1861 2464 2108 2512 harmoniae
2140 2466 2269 2524 ponit

213 2521 266 2567 in
293 2517 414 2565 facili
443 2519 738 2578 proportione
763 2535 1093 2574 numerorum,
1116 2521 1214 2580 ,qui
1242 2524 1480 2583 utriusque
1503 2526 1604 2577 toni
1630 2527 1908 2576 vibrationes
1935 2531 2201 2574 metiuntur.

344 2601 413 2646 Sic
440 2600 489 2645 in
518 2600 812 2659 opusculorum
841 2602 896 2647 T.
914 2601 949 2646 I.
987 2601 1180 2648 Berolin.
1202 2609 1338 2661 1746.
1366 2604 1460 2664 agit
1484 2605 1537 2651 de
1560 2604 1755 2654 visione:
1804 2607 1877 2655 sed
1906 2609 2119 2668 utrinque
2155 2607 2269 2669 phy-

215 2661 299 2710 fice
331 2663 472 2723 magis
497 2679 632 2722 quam
663 2663 980 2724 physiologice.

344 2747 537 2803 Georgius
559 2741 761 2790 Ehrhard
785 2745 1110 2791 HAMBERGER
1128 2779 1140 2797 ,
1183 2749 1356 2809 Georgii
1379 2749 1552 2796 Alberti
1577 2750 1638 2798 fil.
1656 2786 1668 2804 ,
1702 2751 1919 2799 Professor
1940 2751 2171 2812 Jenensis,
2207 2754 2272 2814 ja-

215 2806 652 2860 tromathematic-us,
687 2808 739 2853 de
766 2824 856 2867 quo
879 2809 979 2854 viro
995 2807 1242 2856 cautiffime
1266 2813 1393 2872 loqui
1417 2830 1488 2859 me
1513 2815 1637 2862 decet
1652 2845 1664 2863 2
1697 2817 1776 2874 qui
1801 2813 2102 2863 acerbiffimus
2126 2833 2269 2871 meus,

216 2871 325 2917 dum
358 2870 500 2922 vixit,
534 2870 748 2917 inimicus
777 2869 882 2918 suit.

344 2949 488 2999 Causa
514 2952 621 3000 mali
643 2950 735 3014 ipsa
757 2953 901 3015 prima
917 2951 1005 3002 fuit
1031 2953 1098 3004 Cl.
1117 2954 1205 3006 viri
1222 2954 1328 3070 disti&
1338 2957 1390 3003 de
1406 2957 1693 3021 respirationis
1724 2950 1996 3021 mechanismo
2025 2961 2085 3021 &⁹
2108 2982 2137 3010 u
2155 2981 2182 3009 u
2200 2976 2269 3024 ge-

1343 3036 1365 3067 a
1403 3031 1426 3077 3
2139 3032 2267 3074 nuino
