2531 3394
335 122 373 175 5.
407 130 499 180 773
539 128 598 155 4...
632 120 744 180 776.
812 118 865 170 A.
902 116 1398 183 MAITREJEAN.
1443 116 1509 181 J.
1545 117 1940 170 MoRL-AND.
2109 128 2165 180 15

621 253 660 303 §.
696 223 1082 297 DCCLXXV.
1182 249 1348 293 Diaria
1378 259 1489 292 anno
1526 256 1662 304 1703.

249 347 308 394 In
337 346 445 407 Hist.
479 345 531 392 de
563 345 735 393 l‘Acad.
764 355 899 403 1703.
932 345 1121 389 Antoine
1140 343 1485 403 MM-rnrjssm
1517 339 1661 388 fetum
1691 340 1912 404 agninum
1932 343 2174 401 describit.⁴

120 412 335 460 omnibus
355 409 604 457 visceribus
629 409 891 456 destitutum
907 441 919 461 ,
955 409 1091 454 etiam
1118 406 1252 453 corde
1275 408 1316 453 ἃ
1338 405 1498 466 capite.

250 493 318 540 Ib.
350 504 481 550 1712.
506 489 738 543 feminam,
770 505 871 548 quae
894 504 997 535 cum
1019 488 1183 549 vagina
1203 484 1509 549 angustissima
1531 487 1754 547 concepit.

252 574 425 634 EJUSD.
465 575 619 620 Traite‘
636 571 707 617 des
734 569 938 616 maladies
960 569 1011 616 de
1031 569 1145 616 l'oeil
1165 566 1224 623 ἓξ
1255 569 1325 614 des
1344 568 1528 615 remeares
1539 581 1720 629 propi-es
1734 581 1847 630 pour
1865 569 1959 616 leur
1980 571 2177 632 guerifim

121 637 298 696 Troyes
325 650 459 696 1747.
487 635 569 695 4*
610 647 699 693 174
728 670 740 680 .
778 669 788 679 .
814 640 856 687 8.
926 633 1102 693 Belgice
1127 632 1355 679 redditum
1381 648 1405 677 a
1426 633 1467 694 J.
1491 632 1709 679 PALFYN.
1778 635 2036 679 Anatomcn
2059 637 2180 682 oculi

121 701 286 753 tradit,
323 701 469 760 qualis
500 716 553 745 eo
581 710 785 757 tempore
815 699 1103 749 innotuerat,
1147 708 1248 742 tum
1283 696 1597 754 teleologiatn,
1639 696 1680 740 &
1702 695 1850 756 aliqua
1872 699 2180 757 experimenta

123 764 178 812 ad
203 762 390 811 visionis
418 764 642 810 rationem
662 760 998 806 inveniendam.
1068 762 1257 807 Lentem
1278 758 1579 818 crystallinam
1600 757 1735 804 habet
1758 776 1839 819 pro
1869 764 2097 808 cataraCtae
2119 759 2183 807 se.

124 828 202 881 de,
236 829 362 882 aliter
389 839 567 879 tamen,
605 841 745 884 quam
767 825 812 871 P.
837 825 1096 871 BRISSEAU.
1168 822 1489 871 Membranam
1524 823 1795 883 paradoxam
1832 823 2057 871 describit.
2126 825 2182 871 In

123 892 324 937 editione
361 891 537 951 Belgica
569 889 756 949 Leyden
790 900 924 947 1714.
958 886 1040 947 4.*
1083 903 1225 949 pauca
1261 886 1435 933 addidit
1475 888 1765 941 PALFYNUS,
1815 904 1917 948 quae
1958 887 2121 935 habuit
2154 904 2181 936 a

122 956 466 1002 DU'v'ERNEYO.

254 1035 331 1096 EJ.
373 1034 676 1094 Observations
687 1032 768 1093 sur
787 1032 829 1079 la
839 1032 1084 1094 formation
1105 1032 1164 1079 du
1176 1032 1326 1095 poulet
1359 1032 1480 1079 Paris
1499 1044 1633 1090 1722.
1657 1030 1763 1081 12.*
1788 1033 1955 1081 melius
1972 1033 2033 1081 est
2050 1051 2179 1095 opus,

127 1115 263 1160 quam
287 1100 426 1160 vulgo
449 1098 662 1144 creditur.
729 1098 842 1144 Non
872 1095 1018 1143 solum
1049 1097 1172 1142 enim
1202 1098 1385 1157 propria
1410 1098 1720 1156 experimenta
1738 1100 1965 1152 continet,
2001 1099 2051 1144 in
2082 1100 2183 1146 ovis

126 1162 379 1215 incubatis,
419 1164 461 1208 δι
487 1162 616 1208 acido
638 1162 817 1221 liquore
847 1173 924 1207 aut
943 1161 1048 1221 igne
1069 1162 1234 1207 coactis
1254 1159 1395 1213 fad’ta,
1433 1158 1507 1206 sed
1532 1173 1693 1220 praeter
1718 1177 1768 1207 ea
1790 1163 1933 1208 multa
1960 1163 2105 1215 aliter,
2139 1165 2183 1209 &

128 1227 293 1274 melius
323 1226 462 1279 vidit,
511 1242 646 1285 quam
678 1227 875 1285 priores,
914 1237 968 1271 ut
1004 1225 1054 1270 in
1086 1225 1282 1270 valvulis
1308 1223 1474 1277 vitelli,
1510 1225 1559 1269 in
1591 1225 1804 1284 primaeva
1833 1227 2182 1272 continuatione

126 1290 366 1351 peritonaei
395 1289 507 1350 pulli
542 1305 646 1335 cum
686 1289 944 1335 membrana
975 1288 1188 1335 exteriori
1216 1288 1378 1335 vitelli.
1449 1288 1678 1334 Albumen
1710 1288 1855 1334 videri
1886 1287 2105 1335 resorberi
2133 1290 2186 1338 in
2234 1319 2238 1322 ⁴

128 1351 230 1400 vasa
249 1354 438 1407 intorta,
464 1355 506 1399 &
532 1353 687 1399 venire
715 1353 765 1398 in
785 1351 887 1398 vasa
915 1352 1053 1405 flava,
1089 1351 1197 1399 hinc
1226 1354 1276 1399 in
1301 1353 1460 1405 rubra,
1501 1363 1636 1412 atque
1669 1352 1731 1398 ita
1751 1352 1966 1398 albumen
1988 1353 2040 1398 in
2056 1354 2186 1399 vitel-

131 1418 225 1526 11]ηέ
261 1417 397 1463 abire.
431 1417 640 1526 ‘fContra
673 1417 1208 1464 LEEUWENHOECKIUM
1239 1418 1398 1464 multa.
1469 1416 1628 1463 Icones
1659 1413 1753 1477 ipse
1786 1415 2057 1470 delineavit,
2088 1432 2187 1464 non

128 1497 194 1527 un
229 1496 333 1540 ique
359 1493 443 1528 arti
467 1497 536 1526 ex.

260 1560 532 1671 MichfLszfd.
562 1561 885 1609 RENEAULME
913 1560 966 1608 in
996 1563 1108 1624 Hzst.
1136 1561 1187 1609 de
1219 1562 1391 1610 l‘Acad.
1420 1573 1556 1622 1703.
1590 1561 1645 1610 de
1675 1559 1861 1610 fetubus
1888 1561 2112 1624 capitibus
2138 1562 2189 1612 in

129 1640 278 1673 unum
308 1643 396 1673 con
419 1642 448 1672 u
470 1641 519 1672 1s.

263 1707 401 1755 IDEM
427 1707 476 1753 in
490 1707 693 1766 Discours
712 1709 738 1753 A
758 1708 1022 1754 Pon-vertare
1034 1707 1084 1753 de
1094 1708 1248 1755 l’Ecole
1259 1708 1309 1754 de
1325 1706 1545 1771 Chirurgie
1570 1725 1608 1755 a.
1629 1718 1766 1767 1720.
1787 1709 1910 1756 Paris
1928 1719 2061 1767 1725.
2083 1707 2191 1756 12*

134 1773 389 1817 anatomica
418 1771 568 1831 aliqua
600 1769 838 1824 admiscet,
879 1771 932 1817 de
956 1769 1080 1818 sacco
1105 1771 1320 1826 herniali,
1368 1773 1422 1819 de
1446 1785 1632 1820 externa
1661 1771 1872 1819 cellulosa
1903 1774 1993 1819 tela
2025 1774 2193 1834 perito-

134 1849 285 1883 naeum
311 1835 553 1882 ambeunte
572 1841 590 1888 ,'
621 1836 675 1881 de
711 1835 999 1882 diverticulo.

262 1916 320 1962 In
340 1920 472 1962 Mem,
496 1914 548 1962 de
573 1930 707 1974 1719.
740 1916 794 1962 de
823 1917 1002 1963 narium
1024 1918 1304 1979 reparatione
1324 1918 1375 1966 in
1396 1918 1602 1966 Calabria
1623 1916 1847 1972 suscitata,
1879 1919 1922 1965 &
1943 1916 1997 1964 de
2013 1918 2193 1967 calcaris

136 1980 233 2041 oapi
259 1978 471 2027 insitione
494 1981 546 2027 in
574 1992 725 2027 cutem
753 1981 926 2041 capitis.

649 2081 688 2130 §.
729 2077 1139 2126 DCCLXXVI.
1204 2078 1355 2143 Joseph
1391 2081 1678 2128 MORLAND.

270 2174 332 2220 In
353 2171 506 2232 Philofi
546 2173 698 2232 Trans.
725 2191 767 2221 n.
785 2181 890 2231 283.
926 2173 1079 2236 Joseph
1102 2177 1366 2225 MORLAND
1396 2175 1652 2237 ingeniosas
1689 2176 1970 2237 conjecturas
2004 2177 2196 2238 protulit

141 2237 194 2283 de
225 2237 433 2291 artificio,
461 2254 554 2297 quo
582 2251 745 2284 natura
772 2240 944 2291 utitur,
980 2251 1034 2285 ut
1064 2241 1103 2285 &
1133 2252 1293 2287 tenues
1323 2241 1538 2288 humores
1566 2241 1619 2286 de
1643 2239 1860 2301 sanguine
1882 2240 2074 2302 separari
2098 2240 2199 2302 pos-

142 2299 244 2352 sint,
278 2304 320 2348 ἃ
348 2299 488 2348 craffi.
557 2303 734 2362 Nempe
767 2315 927 2349 tenues
958 2302 1101 2356 fiunt,
1138 2302 1169 2350 fi
1199 2308 1309 2351 rami
1324 2306 1527 2352 laterales
1553 2305 1792 2364 ampliores
1817 2304 2003 2352 crassum
2034 2304 2200 2352 humo-

142 2379 237 2413 rem
258 2363 486 2418 auferant,
525 2364 650 2411 craffi
680 2365 711 2411 fi
734 2370 934 2413 tenuem.
1021 2368 1304 2414 secretorum
1331 2367 1565 2415 hominem
1591 2367 1848 2415 discrimina
1877 2371 2009 2417 unice
2036 2369 2198 2431 repetit

145 2427 198 2473 ab
222 2427 488 2475 ostiolorum
527 2430 791 2476 luminibus.

273 2507 350 2569 EJ.
385 2509 661 2570 Disquifition
684 2512 737 2572 of
748 2510 814 2558 the
827 2510 952 2571 force
971 2513 1026 2574 of
1033 2511 1102 2558 the
1123 2510 1268 2567 beart,
1308 2512 1375 2560 the
1395 2513 1643 2572 dimensions
1665 2514 1718 2576 of
1728 2512 1796 2560 the
1817 2525 1931 2561 coats
1964 2513 2017 2574 of
2036 2512 2105 2559 the
2125 2529 2197 2558 ar-

144 2575 296 2624 teries,
334 2573 423 2619 and
453 2575 522 2619 the
551 2576 803 2622 circztlation
836 2577 889 2636 of
908 2574 977 2621 the
1007 2576 1132 2622 blood
1167 2579 1361 2624 London
1386 2590 1519 2636 1713.
1544 2583 1618 2632 8.*
1685 2579 1895 2625 Calculos
1915 2576 2018 2624 suos
2049 2574 2198 2635 posuit

148 2652 203 2681 ex
228 2635 522 2683 aestimatione
562 2639 798 2696 ponderis,
845 2639 968 2699 quod
1004 2640 1109 2686 dato
1136 2642 1277 2700 gradu
1317 2641 1530 2688 distendit
1561 2643 1759 2687 canalem
1790 2641 2088 2701 cylindricum
2126 2640 2201 2686 vel.

147 2701 373 2747 conicum.
443 2699 693 2747 Craffitiem
725 2703 1085 2749 membranarum
1116 2704 1362 2751 decrescere
1385 2718 1439 2752 ut
1466 2705 1634 2751 radices
1664 2706 1906 2751 luminum.
1978 2704 2086 2748 Vim
2105 2718 2202 2749 cor-

148 2764 217 2809 dis
244 2779 339 2809 non
362 2781 571 2825 magnam
597 2764 692 2811 effe.
761 2767 831 2811 De
852 2764 1104 2813 necestitate
1128 2766 1432 2815 faciendarum
1458 2770 1762 2815 auricularum
1790 2767 1950 2814 cordis.
2016 2767 2088 2813 De
2103 2781 2202 2827 per-

147 2823 393 2887 spiratione
415 2847 428 2881 3
466 2829 519 2873 de
546 2827 806 2884 secretione,
835 2828 925 2876 fere
951 2843 1003 2876 ut
1025 2831 1074 2876 in
1094 2830 1203 2878 Phil.
1238 2832 1618 2891 Translzffionibus.

279 2910 333 2955 In
356 2909 517 2959 iisdem
541 2909 649 2957 Phil.
681 2913 835 2971 Trans?
858 2929 904 2958 n.
925 2919 1030 2971 284.
1065 2918 1316 2961 ANONYM1
1342 2913 1525 2974 epistola
1554 2914 1606 2958 de
1627 2912 1898 2959 animalibus
1925 2911 1975 2957 in
2003 2926 2118 2971 aqua
2138 2925 2203 2955 re-

153 2973 291 3032 pertis
317 2975 477 3025 variis,
515 2973 725 3034 globoso,
769 2976 983 3029 caudam,
1026 2974 1294 3036 pisciformi,
1343 2977 1524 3024 demum
1553 2976 1827 3036 cylindricO,
1866 2991 1969 3023 cum
1996 2975 2106 3021 ostio
2136 2988 2205 3017 ra-

131 3036 304 3090 diato,
342 3035 527 3096 speciei,
563 3048 617 3085 ut
635 3039 841 3093 videtur,
877 3041 1049 3101 polypi.
2021 3069 2204 3125 N.3C⁹4.
