2531 3394
474 133 519 194 ς.
561 142 681 191 1163
716 162 779 170 —-
818 147 954 195 1170.
1025 137 1518 188 BORDENAVE.
1591 158 1658 192 m:
1695 147 1910 197 HAEN.
2142 165 2224 214 541

298 265 452 335 RIH.
486 273 620 325 1758.
656 270 731 322 8.*
796 269 965 314 Iterum
995 284 1091 319 non
1114 268 1280 323 videri,
1317 271 1514 317 calorem
1540 273 1589 318 in
1612 272 1832 335 sanguine
1858 280 2073 328 arterioso
2100 282 2226 330 habi-

163 346 280 381 tare.
350 333 558 379 Calorem
588 332 818 379 summurn
849 330 1013 393 absque
1037 348 1205 393 ‘magno
1229 332 1385 394 pulsus
1419 336 1585 383 robore
1614 337 1725 392 effe,
1769 341 1811 386 &
1838 338 2065 391 summum
2087 347 2227 395 robur

172 395 337 457 absque
370 413 536 458 magno
564 399 726 443 calore.

297 479 343 525 P.
366 478 450 525 IV.
497 491 631 537 1759.
659 476 740 532 8.*
788 479 964 537 Aquam
998 477 1360 526 ventriculorum
1404 481 1577 528 cerebri
1608 484 1842 532 volatilem
1875 489 2071 537 avolare.
2156 494 2227 539 De

170 543 371 605 pondere
398 541 630 602 sanguinis
655 540 910 588 lochiorum
935 543 977 587 &
998 540 1234 588 mensium.
1304 545 1467 591 Serum
1504 545 1738 607 sanguinis
1775 551 1912 596 etiam
1937 567 2089 599 recens
2121 556 2227 601 viri-

172 608 273 653 dem
316 608 513 653 colorem
553 623 658 652 cum
692 604 859 677 syrupo
891 605 1116 651 violarum
1154 604 1312 653 facere.
1403 610 1610 656 Calorem
1649 627 1749 657 non
1781 613 1862 660 esse
1902 630 1925 660 a
1955 613 2228 665 frictionem.

173 672 384 718 Calorem
408 686 623 730 magnum
645 681 784 715 etiam
808 670 857 714 in
887 681 1032 715 morte
1065 667 1159 730 ipsa
1190 669 1463 731 superfuisse.
1531 675 1740 722 Calorem
1764 679 1814 726 in
1842 678 1980 726 variis
2011 680 2115 727 vitae
2146 680 2231 727 hu-

170 751 316 782 manat:
349 734 555 781 aetatibus
580 735 658 779 vix
684 728 880 778 differre.

305 817 360 863 T.
376 816 435 862 V.
472 814 624 861 Wien
652 821 787 872 1760.
817 816 890 868 8.*
925 813 1006 860 vix
1029 812 1120 861 huc
1147 813 1267 863 facit.

300 898 358 944 T.
384 897 465 943 VI.
501 895 561 941 ib.
593 901 727 954 1761.
757 894 835 948 8.*
870 895 988 942 Cum
1018 912 1161 955 pauco
1188 895 1407 959 sanguine
1433 900 1614 960 pulsum
1641 901 1805 950 durum
1833 907 1874 951 &
1894 903 2060 952 sortem
2088 904 2232 961 fuisse.

175 964 268 1010 Cor
294 963 335 1008 Sc
359 959 520 1006 arteria
549 975 711 1020 magna
734 959 919 1005 dilatata
949 957 1081 1017 pulsu
1107 976 1205 1006 non
1232 976 1428 1020 mutato,
1459 966 1605 1012 aliena
1626 968 1810 1027 quidem
1835 967 1939 1016 fide.
2010 970 2228 1017 Intestina

177 1044 232 1073 ex
257 1024 335 1071 sua
363 1023 622 1069 membrana
653 1023 820 1069 extima
842 1020 988 1082 elapsa
1018 1024 1061 1069 &
1086 1025 1224 1072 nuda.
1294 1027 1467 1075 Iterum
1492 1031 1650 1091 pulmo
1678 1032 1882 1093 undique
1909 1033 2133 1088 adnatus,
2156 1051 2234 1082 ne-

177 1106 265 1151 que
286 1087 458 1136 sublata
478 1085 726 1147 respiratio.

305 1171 382 1230 EJ.
416 1167 705 1226 Dzfficultates
728 1172 842 1214 circa
865 1166 1165 1215 modernorum
1182 1170 1357 1232 sjstema
1384 1173 1436 1219 de
1455 1173 1730 1233 sbnfibilitate
1748 1175 1807 1234 ἓξ
1833 1179 2134 1228 irritabilitate
2156 1178 2233 1226 lm-

176 1238 293 1281 mmli
317 1234 500 1293 ⁶0²‘P02'1'5
528 1231 752 1294 P7'0P0fitae
783 1232 937 1278 Wiess
963 1236 1097 1290 1761.
1136 1235 1214 1287 8·*
1281 1237 1456 1284 Contra
1478 1255 1572 1291 me,
1607 1253 1767 1288 eontra
1787 1240 1963 1290 sensum
1992 1245 2232 1291 nonnullis
2295 1284 2303 1292 .,

178 1297 380 1360 partibus
404 1295 596 1341 humani
624 1297 826 1356 corporis
856 1311 1099 1356 negatum,
1149 1300 1191 1344 Sc
1231 1312 1390 1346 contra
1427 1303 1693 1350 irritabilem
1733 1318 1944 1354 naturam
1982 1324 2064 1368 pro
2106 1306 2236 1355 causa

175 1364 408 1410 variorum
434 1371 645 1406 motuum
669 1360 834 1406 datam.
902 1361 1008 1407 Acri
1035 1359 1144 1408 usus
1170 1362 1231 1408 est
1254 1365 1326 1410 vir
1359 1366 1428 1411 Cl.
1466 1366 1605 1426 stylo,
1654 1380 1708 1415 ut
1743 1368 1834 1430 ipse
1866 1387 1964 1417 non
1995 1370 2129 1418 semel
2161 1372 2238 1418 ad-

179 1425 355 1487 gnovit.
422 1425 744 1484 Experimenta
771 1425 923 1477 nulla,
959 1422 1034 1470 sed
1059 1428 1338 1486 comparatio
1367 1430 1627 1478 nostrorum
1658 1449 1762 1479 cum
1788 1436 1977 1495 receptis
2006 1436 2236 1495 opinioni-

174 1491 286 1542 bus,
330 1490 374 1534 &
409 1504 514 1534 cum
547 1490 743 1534 aliorum
777 1486 1053 1549 scriptorum
1074 1488 1329 1546 sententia,
1368 1510 1422 1540 ex
1456 1512 1543 1554 qua
1579 1496 1790 1554 adparet,
1845 1498 2050 1545 diffidere
2087 1499 2238 1545 nostra

176 1551 348 1615 priscis.
415 1552 693 1613 Frequenter
711 1551 900 1605 accidit,
938 1565 994 1599 ut
1027 1566 1169 1600 certas
1204 1570 1354 1616 partes
1393 1557 1578 1605 doluisse
1611 1558 1692 1606 fibi
1717 1559 1942 1617 sumeret,
1994 1579 2104 1622 quas
2130 1580 2237 1609 vere

177 1614 364 1663 doluiffe
390 1633 487 1662 non
515 1615 703 1663 constat.
774 1616 937 1663 Cordis
964 1615 1143 1664 sensum
1168 1622 1360 1667 omnino
1393 1624 1573 1669 nullum
1597 1622 1678 1670 else
1698 1658 1710 1677 ,
1747 1623 1822 1673 sed
1846 1643 1992 1687 neque
2016 1627 2237 1672 irritabile

178 1679 273 1727 effe.
338 1681 601 1727 Auriculam
641 1680 790 1727 cordis
825 1680 1064 1741 quievisse,
1109 1699 1213 1730 cum
1248 1682 1470 1747 sanguine
1509 1686 1612 1735 effet
1642 1690 1788 1749 plena.
1877 1689 2051 1738 Omnia
2080 1689 2232 1737 nostra

178 1761 277 1793 nos.
301 1745 448 1793 Leidae
479 1743 698 1799 didicisse,
739 1747 821 1791 ἃς.

313 1827 388 1887 EJ.
431 1825 630 1874 Vindiciae
655 1825 959 1884 difficultatum
985 1831 1102 1875 circa
1131 1828 1432 1877 modernorum
1459 1833 1636 1894 systema
1670 1834 1722 1880 de
1743 1834 2021 1895 sensibilitate
2050 1836 2110 1894 &
2135 1842 2240 1885 irri-

182 1891 404 1939 tabilitate
431 1891 615 1950 corporis
640 1891 836 1951 apologia
871 1891 1026 1938 Wien
1049 1899 1182 1949 1762.
1210 1891 1289 1946 8.*
1355 1895 1566 1955 Asperius
1597 1915 1732 1957 quam
1761 1901 1811 1945 in
1836 1902 1977 1960 priori
2006 1918 2139 1961 opere
2161 1901 2236 1949 hic

177 1952 350 2015 scripsit
366 1988 379 2007 ,
418 1956 459 2000 δι
483 1969 554 2000 me
580 1970 822 2013 meumque
845 1956 1049 2002 animum
1070 1954 1149 2002 fibi
1175 1958 1517 2016 deprimendum
1546 1960 1709 2008 sumsit.
1782 1964 1852 2009 De
1869 1981 1939 2010 me
1959 1965 2141 2025 quidem
2172 1967 2239 2012 vi-

181 2019 333 2066 derint
357 2018 438 2078 qui
464 2034 535 2063 me
555 2018 777 2078 legerunt,
817 2020 858 2064 &
881 2019 1112 2079 judicent,
1150 2021 1315 2081 quibus
1342 2026 1476 2070 armis
1500 2026 1905 2075 HAMBERGERUM
1924 2063 1935 2082 ,
1975 2032 2233 2082 Aramum,

182 2084 295 2129 alios
324 2082 702 2142 impugnaverim.
771 2082 950 2129 Sincere
977 2084 1139 2130 dubios
1167 2100 1358 2132 eventus
1385 2101 1638 2135 narrantem
1668 2103 1800 2150 putat
1831 2093 1900 2138 vir
1930 2094 1997 2139 Cl.
2026 2110 2096 2139 me
2125 2092 2239 2140 mihi

182 2146 504 2194 eontradicere.
572 2146 771 2205 Adparet
790 2144 936 2206 ipsum
968 2148 1118 2194 virum
1150 2150 1247 2196 ILL.
1281 2152 1514 2198 tendinem
1550 2153 1599 2199 in
1629 2152 1818 2203 homine
1853 2155 1984 2202 sensu
2012 2170 2239 2203 carentem

183 2209 352 2257 vidiss'e.
429 2209 751 2269 Experimenta
784 2211 899 2256 male
931 2211 982 2256 in
1013 2213 1283 2260 animalibus
1318 2228 1446 2275 capta
1478 2215 1574 2270 effe.
1644 2219 1737 2264 Cor
1767 2237 2004 2281 nunquam
2033 2221 2237 2281 undique

183 2274 377 2327 inaniri,
429 2276 470 2320 δι
499 2286 651 2320 tamen
693 2272 933 2333 quiescere.
1001 2275 1434 2336 Experimentorum
1462 2279 1579 2326 nihil
1604 2283 1865 2343 quidquam.

316 2356 508 2401 Rationis
529 2355 725 2401 medendi
750 2356 797 2402 P.
817 2356 925 2402 VH.
962 2364 1099 2412 1762.
1128 2356 1208 2411 8.*
1273 2361 1438 2420 Aliqua
1460 2362 1595 2409 citata
1623 2368 1858 2413 auCtorum
1887 2368 1986 2414 loca
2022 2367 2075 2413 de
2105 2365 2238 2412 adna-

188 2418 248 2466 tls
279 2418 335 2464 ad
368 2420 569 2479 pleuram
606 2419 903 2478 pulmonibus
934 2417 1019 2466 sub
1048 2437 1236 2467 examen
1267 2437 1461 2470 revocat.

314 2501 370 2547 T.
390 2500 516 2546 vul.
558 2506 694 2557 1763.
730 2499 810 2553 8.*
851 2501 920 2546 De
956 2502 1276 2561 experimentis
1306 2506 1559 2555 Mediolani
1589 2507 1743 2564 faftis,
1794 2514 1835 2558 &
1868 2530 1982 2572 aqua
2015 2513 2063 2558 in
2100 2527 2239 2558 anum

185 2564 284 2613 vivi
307 2564 512 2610 animalis
528 2561 652 2623 pulsa
672 2597 685 2615 ,
725 2580 825 2622 quae
852 2563 1047 2623 denique
1071 2582 1150 2625 per
1171 2583 1222 2613 os
1244 2582 1511 2631 regurgltat.
1583 2574 1755 2622 Verum
1775 2578 1875 2622 cani
1891 2578 2050 2636 utique
2071 2578 2119 2622 in
2147 2577 2239 2622 val.

185 2630 294 2676 vula
319 2628 408 2674 coli
436 2627 522 2673 alia
549 2626 604 2672 ab
632 2625 831 2672 humana
853 2626 914 2672 est
943 2625 1126 2676 fabrica.

314 2710 371 2756 T.
394 2709 478 2754 IX.
518 2712 653 2765 1764.
681 2710 756 2760 8.*
821 2708 1036 2768 Exempla
1061 2711 1333 2770 pulmonum
1357 2714 1772 2774 inflammatorum,
1814 2723 1863 2768 in
1899 2737 2013 2780 aqua
2043 2718 2240 2766 fundum

189 2773 465 2843 petentium..
529 2772 700 2842 Iterum
725 2783 883 2818 contra
910 2788 996 2825 me,
1035 2775 1077 2820 &
1104 2788 1263 2823 contra
1290 2777 1540 2826 insensilem
1570 2787 1783 2841 pleni-am.
1853 2786 2042 2831 Interim
2069 2785 2116 2829 in
2139 2800 2242 2843 pro-

191 2836 338 2882 ductis
370 2836 640 2882 testimoniis
671 2835 880 2894 adparet,
917 2837 1182 2898 plerumque
1208 2842 1409 2900 pleuram
1449 2845 1497 2889 in
1525 2847 1765 2905 pleuritidc
1797 2846 1963 2907 absque
1991 2847 2242 2894 inflamma-

190 2897 482 2957 tion-ebfuilse.
551 2900 620 2944 De
646 2900 809 2958 pleurae
826 2915 929 2945 cum
951 2902 1166 2959 pulmone
1190 2910 1403 2953 contactu
1419 2923 1543 2955 nunc
1570 2909 1760 2958 dubitat.
1829 2912 2002 2960 Iterum
2022 2927 2099 2959 cor
2122 2926 2242 2957 n‘un-

191 2976 329 3023 quam
356 2964 491 3010 inane
520 2960 692 3018 visum,
731 2979 879 3025 neque
905 2963 1016 3012 adeo
1047 2966 1266 3015 irritabile
1297 2968 1394 3016 effe.

1222 3049 1448 3112 Yyy3
1784 3104 1796 3107 -
2100 3056 2240 3106 Τ.Χ.
