2531 3394
277 109 368 162 708
683 99 817 146 Lm.
864 99 958 145 IX.
1024 90 1435 144 ANATOMES
1482 91 1943 141 PERFECTIO.“

279 232 476 280 Nullum
497 227 740 276 hominum
768 229 1064 290 ligamentum
1084 222 1326 275 cervicale,
1364 223 1516 268 nullus
1534 219 1755 267 bulbosus
1781 221 1906 268 oculi
1924 213 2185 271 inus'culus.x
2243 222 2335 269 Va-

282 298 463 343 rietates
491 292 622 340 faciei
643 294 692 339 in
716 291 898 351 diversis
921 289 1162 352 gentihUS,
1196 287 1334 345 inque
1359 301 1511 331 earum
1537 285 1698 330 craniis
1717 318 1729 336 ,
1767 285 1810 329 &
1834 285 1882 329 in
1902 283 2094 331 statura:
2129 286 2174 332 N
2180 286 2333 345 igredo
2404 342 2410 345 ,

282 375 309 405 a
334 358 508 405 climate
538 355 811 417 potiffimum
837 367 957 406 nata,
981 369 1061 412 per
1085 351 1249 411 gradus
1291 348 1491 408 obrepit,
1528 349 1578 394 in
1605 345 1782 407 frigidis
1816 347 2077 406 sagionibus
2114 349 2250 395 etiam
2285 351 2337 397 in

281 421 481 482 aethiope
517 420 801 467 diminuitur.
871 418 1019 464 Facies
1054 413 1289 475 peculiaris
1316 414 1462 473 gentis
1489 409 1804 463 Eikimorum,
1841 410 1986 470 gentis
2011 412 2249 458 Mollicolo
2286 415 2337 460 in

284 484 716 537 mariaustrali‚haec
730 483 863 529 simiis
887 479 1084 541 propior.
1119 473 1406 523 Circumcisae
1423 476 1578 536 puellae
1601 476 1732 520 icon:
1769 474 1907 519 nullae
1927 472 2154 532 nymphae,
2189 492 2336 536 neque

283 550 564 609 praeputium
600 546 834 593 clitoridis.
903 542 1158 590 Americani
1194 556 1342 599 neque
1382 538 1608 584 imberbes
1641 536 1774 590 sunt,
1825 553 1972 597 neque
2012 535 2177 596 absque
2216 541 2334 599 pilis.

283 615 356 659 De
386 613 498 659 albis
532 609 806 670 aethiopibus
839 605 960 658 fuse,
1004 605 1149 664 deque
1187 619 1344 649 eorum
1382 601 1704 648 varietatibus:
1753 616 1852 647 non
1885 615 2042 647 omnes
2075 603 2336 664 nyctalopes

283 675 416 730 sunt,
450 675 599 722 rubris
621 674 834 734 pupillis:
872 685 999 715 mens
1020 683 1182 714 eorum
1202 666 1319 711 nihil
1346 667 1532 725 patitur.
2231 677 2233 679 ·

414 760 570 803 Petrus
597 756 867 801 ORTEscm
896 751 945 796 in
964 749 1161 811 giornale
1189 748 1241 794 de
1275 748 1401 793 letter
1430 747 1609 793 T.XII.
1639 758 1774 805 ¹774·
1844 744 2045 805 Analysis
2082 759 2339 807 comparata

289 821 414 867 canis
440 819 649 869 bubulae,
689 818 730 862 ἃ
754 814 957 876 piscium.
1028 815 1197 858 Bovem
1227 812 1379 857 minus
1406 808 1567 856 dediffe
1595 811 1809 863 extracti,
1841 826 1975 869 quarn
2002 811 2267 869 cyprinum,
2296 813 2340 858 &

286 885 462 931 iuciurn
482 916 494 934 ‚
532 883 573 927 ἃ
605 896 775 926 ranam.
863 877 947 925 Sed
977 876 1065 922 olei
1100 876 1201 935 plus
1237 873 1317 920 effe
1345 875 1394 920 in
1425 875 1624 919 extracm
1661 874 1792 919 bovis
1830 889 1964 933 quam
1996 873 2045 918 in
2071 875 2337 920 animalium

284 946 555 1007 frigidorum
583 945 811 989 extracto:
862 942 962 1001 plus
988 941 1122 986 etiam
1146 939 1262 991 olei,
1297 949 1482 996 excepta
1507 953 1614 982 rana
1635 970 1646 989 ‚
1680 953 1708 981 a
1741 952 1829 996 qua
1859 933 2105 995 superatur.
2183 938 2339 984 Ovilla

288 1026 391 1057 caro
419 1011 519 1068 pius
539 1007 614 1053 dat
636 1005 848 1057 extracti,
886 1019 1021 1064 quam
1048 1000 1187 1061 pisces
1206 1035 1218 1054 ,
1260 1017 1380 1046 ranae
1413 1002 1454 1046 ἃ
1488 1000 1669 1051 cancri3
1723 1000 1871 1045 ovillae
1908 997 2033 1045 fibrae
2063 1001 2164 1059 plus
2197 1017 2340 1060 quam

286 1070 443 1133 pisces.
513 1070 727 1116 Vitulina
763 1084 865 1114 caro
897 1069 997 1126 plus
1030 1064 1156 1111 dedit
1181 1064 1368 1110 extracti
1393 1080 1528 1123 quam
1558 1061 1723 1123 pisces,
1762 1063 1915 1109 minus
1937 1078 2073 1122 quam
2095 1079 2220 1117 rana,
2253 1062 2340 1125 spi-

287 1137 403 1183 ritus
437 1137 478 1181 ἃ
501 1132 601 1180 salis
631 1133 826 1179 volatilis
855 1132 955 1191 plus
987 1129 1173 1176 iisdem,
1202 1128 1353 1173 minus
1383 1143 1518 1186 quam
1550 1143 1671 1172 rana.

416 1221 463 1271 J.
484 1218 639 1261 Maria
657 1213 878 1260 Rossrin
906 1210 1167 1257 membrana
1192 1211 1372 1255 interna
1398 1206 1551 1256 veficae
1578 1205 1838 1254 manifestos
1874 1207 2006 1255 villos
2036 1207 2180 1261 vidit,
2231 1224 2337 1255 cum

288 1297 365 1342 per
387 1279 597 1325 morbum
628 1274 880 1322 deceffiffet.
2280 1274 2286 1277 χ

420 1362 481 1407 N.
504 1358 552 1407 Β.
574 1360 639 1405 Μ.
664 1359 713 1404 F.
743 1355 1017 1404 Tarvisanus
1034 1389 1046 1408 ,
1082 1354 1349 1415 appendices
1370 1351 1585 1406 venosus,
1618 1355 2067 1399 ASTRUCIANARUM
2098 1369 2193 1399 non
2224 1352 2343 1401 diffi-

289 1426 446 1478 mile3‚
480 1421 523 1470 se
555 1420 707 1469 vidiffe
734 1433 885 1482 putat.
951 1420 1088 1466 Fetus
1118 1419 1236 1466 vixit
1268 1417 1342 1477 15¹
1374 1433 1479 1464 cum
1502 1417 1656 1463 matris
1679 1417 1866 1463 cadaver
1883 1417 1975 1476 jam
1998 1428 2202 1477 apertum
2223 1415 2340 1466 effet.

964 1554 1002 1604 §.
1038 1547 1442 1597 MCCLXXX.
1552 1547 1679 1595 Galli.

423 1655 486 1697 La
506 1653 779 1712 gdne'ratim,
810 1664 863 1694 ou
891 1645 1114 1709 exposition
1138 1645 1208 1691 des
1231 1643 1502 1706 phe'nomenes
1524 1643 1694 1704 relatifs
1719 1644 1745 1687 ά
1773 1653 1882 1689 cette
1907 1643 2098 1703 fonffion
2137 1645 2344 1691 natureffe

289 1719 396 1764 tire‘e
425 1715 474 1760 de
502 1719 571 1761 M.
602 1713 652 1759 de
674 1714 912 1764 HALLER,
960 1727 1062 1756 avec
1098 1709 1168 1754 des
1196 1722 1311 1755 notes
1358 1709 1479 1754 Paris
1510 1719 1642 1764 1774.
1680 1713 1721 1759 8.
1763 1707 1948 1753 2.Vol.*
2015 1708 2344 1755 Tradud‘torem

289 1780 427 1826 audio
439 1776 519 1824 esse
539 1779 607 1824 Cl.
626 1776 676 1822 de
690 1777 892 1822 LEURYE
912 1793 923 1819 t
960 1775 1032 1819 De
1052 1773 1163 1818 meis
1188 1771 1302 1817 nihil
1318 1771 1452 1824 addo,
1473 1769 1556 1816 nisi
1579 1782 1824 1815 anatomen
1837 1773 1949 1815 male
1970 1766 2226 1817 truncatarn
2242 1771 2339 1818 esse.

292 1844 345 1889 In
375 1843 497 1887 notis
526 1840 637 1900 saepe
663 1857 687 1885 a
713 1856 783 1884 me
814 1836 1042 1888 difl'entit3
1079 1834 1192 1894 saepe
1215 1837 1263 1880 in
1289 1835 1436 1880 verbis
1464 1833 1595 1895 sagax
1614 1868 1625 1885 ,
1664 1834 1782 1879 utin
1813 1835 1989 1894 origine
2015 1833 2225 1881 vasorum
2252 1836 2344 1894 epi..

293 1905 613 1966 gastricorum,
647 1919 745 1962 quae
772 1918 867 1947 non
900 1918 954 1946 ex
994 1900 1181 1951 crurali,
1212 1897 1286 1944 sed
1311 1914 1365 1943 ex
1392 1898 1521 1943 iliaca
1554 1910 1739 1942 externa
1763 1896 2017 1946 nascantur.
2090 1898 2175 1944 Sed
2212 1899 2344 1944 etiam

294 1971 619 2016 SMELLIANAS
647 1964 875 2011 mensuras
901 1965 1040 2023 pelvis
1071 1961 1312 2021 improbat.
1382 1962 1437 2007 ln
1461 1960 1609 2007 Gallia
1634 1959 1822 2006 feminas
1852 1961 2055 2020 gravidas
2080 1959 2194 2021 saepe
2221 1977 2344 2007 men-

293 2030 361 2077 ses
388 2031 497 2090 pati.
565 2027 766 2075 Infantes
793 2027 1027 2087 acephalos
1056 2027 1106 2071 in
1134 2024 1212 2071 sua
1239 2024 1413 2085 origine
1435 2023 1795 2083 hydrocephalos
1819 2022 1959 2070 fuiffe‘.
2030 2025 2231 2080 Quando
2254 2026 2345 2084 pla·
2406 2024 2409 2027 ”

295 2106 427 2141 centa
454 2093 503 2138 in
528 2105 658 2138 utero
685 2090 772 2144 est,
810 2108 865 2136 ex
890 2090 1099 2136 funiculo
1129 2087 1295 2134 resecto
1324 2086 1587 2147 sanguinem
1609 2104 1703 2132 non
1732 2104 1927 2135 manare.
1994 2088 2168 2134 Contra
2192 2087 2345 2148 super-

295 2155 593 2203 fetat'ionem:
631 2171 726 2201 non
750 2156 863 2200 bene
888 2155 1048 2213 ponit,
1081 2153 1331 2212 piacentam
1360 2152 1446 2197 toti
1469 2165 1600 2197 utero
1629 2151 1868 2197 adhaerere.

425 2238 501 2297 EJ.
539 2235 807 2282 traductoris
837 2232 928 2295 diff
961 2234 1012 2279 de
1040 2238 1162 2293 aquis
1190 2237 1337 2279 anmii.
1406 2235 1598 2280 Uterum
1627 2244 1934 2292 praegnantem
1951 2232 2206 2278 tenuiorem
2228 2231 2342 2286 fieri,

294 2312 457 2363 praeter
483 2317 579 2346 eam
602 2313 796 2359 partem,
834 2300 907 2343 cui
931 2299 1132 2357 placenta
1149 2296 1360 2342 adhaeret.
1430 2297 1498 2342 Ex
1520 2294 1614 2342 fetu
1649 2297 1699 2340 in
1732 2297 1919 2341 amnion
1945 2294 2046 2342 vasa
2070 2295 2346 2356 lymphatica

294 2367 384 2418 ire,
421 2379 630 2424 generare
659 2378 822 2421 aquam
849 2362 990 2406 amnii
1006 2380 1019 2412 3
1056 2363 1105 2405 in
1135 2372 1265 2420 partu
1293 2359 1445 2404 eadem
1472 2358 1689 2419 sanguine
1716 2360 1891 2418 repleri.

429 2447 548 2492 Felix
577 2444 890 2497 VICQDAZYR
926 2442 974 2486 in
1001 2441 1112 2500 folio
1132 2453 1308 2502 patente
1347 2440 1492 2487 edidit
1519 2441 1633 2486 table
1666 2454 1781 2502 pour
1802 2439 1949 2498 fiervir
1976 2442 2001 2486 εὶ
2028 2438 2223 2501 l'histoire
2241 2457 2346 2486 ana-

299 2512 486 2568 tomique
512 2505 570 2562 ἓξ
594 2506 800 2552 naturelle
825 2505 894 2550 des
914 2518 1034 2564 corps
1054 2509 1210 2550 vivam
1243 2505 1366 2551 Paris
1393 2516 1527 2562 1774.
1549 2502 1663 2550 soh*
1701 2505 1929 2551 Animalia
1956 2506 2006 2550 in
2029 2503 2174 2550 claffes
2207 2503 2346 2549 divisa

296 2589 355 2619 ex
377 2571 524 2618 cordis
547 2569 731 2615 fabrica.
801 2568 1062 2614 Mammalia
1083 2566 1291 2627 disposita
1314 2566 1560 2613 secundum
1588 2585 1679 2620 cor,
1706 2568 2027 2621 ventriculum,
2061 2568 2233 2617 dentes,
2251 2567 2347 2612 cla-

297 2636 483 2681 viculas.
556 2637 687 2679 Aves.
758 2631 921 2689 Capita
942 2630 995 2675 de
1015 2632 1270 2677 nutritione
1289 2665 1301 2684 ,
1322 2632 1639 2692 generatione,
1661 2631 1965 2678 irritabilitate
1981 2665 1994 2684 ,
2034 2629 2342 2690 respiratione,

297 2696 446 2751 sensu,
471 2695 718 2744 secundum
746 2692 907 2741 classes.

432 2781 614 2825 LASSUS
645 2774 737 2838 dzff.
752 2776 831 2834 fiir
854 2776 897 2822 la
918 2773 1080 2836 lymphe
1124 2774 1245 2820 Paris
1270 2786 1402 2832 1774.
1426 2775 1502 2828 8.*
1555 2773 1706 2823 Multa
1736 2776 1928 2835 propria.
1996 2773 2140 2820 Fibrae
2181 2770 2265 2818 seri
2293 2774 2345 2820 in

297 2842 474 2890 fervida
490 2839 697 2888 mucosac.
736 2841 800 2887 Ut
815 2855 918 2886 curn
933 2836 1073 2885 succis
1090 2840 1130 2884 ἃ
1144 2835 1307 2883 salibus
1323 2837 1469 2883 serum
1484 2852 1684 2898 cogatur,
1713 2841 1753 2885 δε
1765 2836 1954 2884 viciffim
1972 2835 2188 2883 solvatur.
2226 2838 2346 2883 Ana-

300 2905 404 2969 iyfis
424 2921 500 2967 per
525 2905 676 2967 ignem
698 2901 825 2952 facta.
872 2903 947 2952 Sal
969 2903 1185 2950 alcalinus
1208 2902 1418 2955 volatilis,
1450 2900 1512 2950 sal
1532 2903 1716 2951 lixivus.
1746 2901 2010 2949 AIbumen.
2062 2901 2218 2953 Serum
2245 2898 2345 2972 san-

2192 2978 2344 3027 guinis
