2531 3394
726 111 762 160 §.
802 114 939 163 1269.
1006 104 1527 166 BLUMENBARCH.
1600 103 1766 156 ALII.
2098 71 2242 170 ¹7237

319 239 373 285 A.
403 236 652 286 CARRARD
684 235 738 283 de
762 235 864 284 visu
895 235 1108 298 perfecie.

322 310 514 378 Ceperat¹
539 317 718 378 prodire
755 335 794 365 a.
830 328 980 377 1772.
999 317 1199 365 Berolini
1224 316 1419 372 Journal
1443 316 1638 363 literaire
1660 315 1782 363 dedie‘
1809 335 1866 365 au
1896 322 1978 367 Roi
2010 319 2118 369 12.*
2183 323 2241 369 Ιη

191 398 237 430 n.
261 381 393 429 XIV.
423 398 546 428 anno
580 394 711 441 1774.
754 382 808 428 de
845 390 946 428 aere
982 379 1146 428 vitioso
1175 380 1284 428 dicit
1319 381 1386 427 Cl.
1416 384 1657 433 ACHARD,
1697 382 1776 441 qui
1813 384 2023 431 animalia
2062 386 2243 434 occidit,
2307 392 2318 396 “

189 446 247 493 In
273 447 329 492 T.
347 446 502 492 XVII.
535 445 589 492 de
610 443 758 492 seiuro
789 446 920 491 meris
945 445 1079 491 nimis
1117 445 1331 491 mollibus
1361 445 1472 491 cibis
1506 445 1697 490 nutrito.
1765 446 1821 491 Ei
1851 447 2005 494 dentes
2035 450 2145 495 adeo
2172 451 2243 496 in'-

191 522 460 562 creverunt,
495 521 548 555 ut
569 526 618 555 os
646 509 856 554 diducere
881 523 977 553 non
1005 506 1158 568 pofl‘et,
1191 510 1232 555 ἃ
1258 506 1494 554 inferiores
1517 506 1674 554 dentes
1700 508 1748 554 in
1781 507 2055 569 superiorem
2086 515 2244 559 maxil-

191 566 534 626 lam'subirent,
575 575 616 619 &
644 570 857 624 viciffim‚
893 582 1028 631 atque
1050 565 1215 618 animffl
1242 572 1423 618 demum
1447 589 1523 633 per
1552 571 1959 619 inflammationem
1984 576 2164 634 periret.

319 655 376 701 In
390 653 572 699 medical
595 657 909 699 commentari&
931 653 987 699 T.
1006 653 1063 699 II.
1100 654 1315 712 Exempla
1339 655 1513 713 vaginae
1535 651 1709 706 clausae,
1738 656 1778 700 &
1804 671 1828 701 a
1847 654 2060 715 chirurgo
2083 670 2244 716 apertae

190 718 378 779 J.H1LL
405 718 459 762 de
485 715 688 769 infante,
726 716 799 762 cui
827 715 956 762 fzeces
983 716 1074 763 alvi
1090 733 1169 778 per
1195 732 1358 777 penem
1381 719 1635 770 decedunt,
1669 720 1710 764 ὅς
1734 718 1804 766 Cl.
1826 719 2168 767 FOTHEROELL
2191 721 2246 766 de

190 780 372 828 flatibus
393 797 471 842 per
494 795 653 840 penem
682 779 1044 840 erumpentibus.

320 864 376 909 In
400 862 598 916 Journal
621 861 979 923 Encyclopedique
999 860 1138 908 homo
1156 859 1456 915 semistultus,
1482 861 1564 922 qui
1585 863 1711 910 nudo
1734 864 1860 923 pede,
1898 862 2004 912 sana
2028 879 2146 918 cute,
2175 864 2247 912 su-

187 943 267 988 per
293 942 461 988 prunas
491 925 656 986 ignitas
682 926 868 972 incedit.

313 1008 550 1056 BECOEUR
579 1007 632 1052 de
655 1005 999 1054 conservatione
1016 1007 1296 1059 animalium,
1324 1007 1374 1053 in
1390 1005 1635 1067 spiritibus,
1667 1019 1828 1054 contra
1854 1008 1912 1055 D.
1941 1011 2226 1058 MAUDUYT.

316 1088 370 1133 In
402 1086 697 1149 hedendangze
721 1092 866 1133 Letter
897 1086 1133 1147 oeffiningen
1168 1088 1209 1147 J.
1233 1089 1499 1135 anm(
1536 1088 1590 1134 de
1625 1087 1794 1135 femore
1823 1090 1977 1137 militis
2016 1086 2172 1139 sensim
2196 1091 2248 1138 in

192 1151 367 1212 adipem
398 1153 438 1197 &
461 1153 767 1211 cartilaginem
795 1151 1112 1210 degenerante,
1140 1150 1297 1197 delet‘is
1324 1150 1555 1199 musculiS.

317 1235 372 1279 In
391 1230 672 1293 P›·eus.›'z‘schen
700 1231 1025 1292 Sammlungen,
1063 1249 1162 1291 quae
1186 1233 1391 1293 Region).
1424 1245 1557 1291 1774.
1585 1231 1662 1287 8.*
1684 1236 1721 1280 ἃ
1748 1233 1812 1280 ib.
1839 1235 1895 1281 T.
1915 1235 1974 1282 II.
2008 1246 2144 1295 1775.
2169 1234 2245 1290 8.*

188 1296 471 1359 prodierunt.
540 1296 608 1341 Ex
632 1308 751 1341 certa
781 1311 898 1341 vena
923 1294 1133 1341 searabaei
1158 1297 1337 1356 Majalis
1366 1296 1552 1356 pulcher
1575 1299 1701 1343 color
1722 1296 1888 1344 fuscus.

317 1379 372 1424 In
396 1375 574 1422 medical
598 1381 821 1438 magazine
839 1412 850 1430 ,
888 1378 1018 1437 eujus
1044 1393 1089 1423 n.
1114 1389 1187 1432 29.
1216 1394 1367 1423 coram
1393 1378 1478 1431 est,
1528 1381 1695 1425 mirum
1736 1379 1797 1425 est
1831 1379 2093 1426 institutum
2125 1397 2248 1428 coma

187 1442 408 1502 pilatoris.
477 1441 687 1487 Diarium
718 1439 771 1487 fit
794 1441 931 1487 variis
965 1439 1228 1500 fragmentis
1258 1441 1539 1488 diversorum
1579 1446 1816 1489 audiorum
1854 1460 1950 1489 non
1980 1443 2246 1491 cohaerenti=

188 1507 287 1550 bus.
356 1505 424 1550 Ita
450 1504 693 1563 osteologia
721 1521 775 1550 ex
799 1505 960 1563 ignoto
981 1505 1092 1550 mihi
1114 1503 1328 1563 scriptore
1355 1505 1502 1551 sumta
1535 1506 1610 1552 est.
1681 1508 1749 1552 Ita
1770 1505 1912 1552 verfio
1937 1523 2141 1553 meorum
2162 1511 2247 1554 ele,-

188 1579 448 1614 mentorum
480 1584 557 1628 per
583 1566 690 1613 folia
720 1569 769 1614 in
800 1585 853 1614 eo
883 1569 1027 1613 diario
1058 1568 1323 1621 recuditur,
1360 1582 1459 1615 tum
1490 1570 1812 1616 diciionarium
1840 1572 2081 1616 medicum.

316 1650 358 1711 J.
382 1650 758 1702 BLUMENBACH‚
796 1650 876 1709 qui
899 1666 1061 1708 magna
1083 1666 1187 1696 cum
1210 1649 1432 1695 industria
1457 1652 1505 1696 in
1529 1649 1713 1697 historia
1735 1653 1931 1698 naturali
1952 1652 2138 1705 laborat,
2169 1669 2246 1712 po-

188 1714 319 1773 lypos
356 1712 495 1758 cristae
535 1712 738 1770 castrenli
775 1712 934 1759 ssmiles
970 1712 1197 1772 descripsit
1231 1715 1281 1759 in
1314 1717 1503 1774 Gotting.
1533 1715 1617 1774 gel.
1656 1719 1834 1776 Anaeig.
1874 1727 2007 1772 1774.
2032 1717 2100 1766 M.
2136 1718 2245 1762 Oc't.

184 1776 441 1885 1ndnotavit
476 1777 638 1884 etifam,
675 1775 800 1823 bunc
833 1779 1055 1837 polypum
1089 1777 1297 1823 indurari
1319 1778 1369 1823 in
1393 1776 1657 1838 superficie,
1702 1795 1797 1824 eam
1831 1777 2110 1839 potiffimum
2132 1795 2246 1834 ,cum

206 1841 327 1886 uocis
357 1840 495 1886 acidis
547 1856 713 1886 ervere.

315 1923 453 1970 IDEM
484 1924 549 1969 M.
578 1923 686 1968 Dec.
713 1922 766 1967 de
793 1921 937 1968 taenia.
1009 1922 1177 1968 Seriem
1207 1920 1287 1968 fibi
1314 1922 1457 1968 videri
1494 1923 1758 1968 animalium
1788 1922 1832 1969 se
1862 1922 2248 1983 comprehenden-

185 1988 318 2033 tium.
389 1988 538 2042 Quam
566 1999 740 2049 partem
761 1999 898 2045 caput
917 1998 1084 2032 vocant
1101 2020 1114 2039 ,
1147 2002 1245 2032 eam
1277 1987 1328 2032 in
1348 1987 1510 2046 quovis
1533 1987 1724 2033 articulo
1750 1988 1950 2048 reperiri.
2016 1988 2249 2035 Articulos

184 2048 298 2110 saepe
319 2047 582 2096 debiliffime
614 2049 853 2096 cohaerere.
885 2112 890 2114 q

314 2131 389 2191 EJ.
427 2133 601 2191 egregia
628 2129 738 2190 disp.
762 2130 814 2176 de
830 2135 998 2192 generis
1022 2128 1197 2178 humani
1217 2135 1433 2178 varietate
1451 2144 1613 2178 natura
1643 2132 1853 2193 Gotting.
1875 2144 2010 2190 1775.
2031 2146 2074 2192 4.
2099 2136 2139 2180 ἃ
2169 2132 2248 2187 8.*

188 2194 257 2241 Ab
268 2192 355 2240 hoc
375 2195 443 2240 Cl.
468 2196 566 2240 viro
583 2211 707 2240 nune
724 2195 852 2241 Gott.
871 2193 988 2240 Prof.
1016 2196 1209 2254 plurima
1226 2196 1357 2242 utilia
1380 2195 1484 2241 lieet
1496 2195 1761 2255 exsped‘tare
1828 2198 1916 2242 Hic
1933 2196 2142 2251 ostendit,
2170 2214 2249 2244 va·-

188 2258 369 2303 rietates
384 2260 557 2318 generis
579 2257 768 2304 humani
782 2260 947 2304 multas
962 2259 1143 2318 quidem
1162 2258 1242 2304 effe
1256 2293 1268 2311 ,
1304 2259 1532 2312 aclimate,
1562 2260 1717 2305 aliisve
1733 2258 1871 2306 caulis
1891 2273 2028 2313 ortas,
2057 2263 2246 2306 omnino

188 2336 298 2366 vero
315 2322 496 2366 unicam
511 2320 715 2381 speciem.
755 2323 840 2368 Eas
861 2323 1098 2368 varietates
1126 2339 1202 2382 per
1216 2320 1388 2382 fingula
1403 2320 1700 2382 persequitur.
1749 2323 1978 2382 Hybrides
2001 2326 2172 2370 catulos
2192 2340 2247 2370 ex

189 2400 298 2430 cane
321 2386 359 2430 &
376 2385 508 2443 vulpe
523 2386 713 2432 omnino
729 2384 863 2438 nasci,
894 2387 1028 2431 etiam
1042 2383 1274 2431 fecundos.
1346 2386 1415 2430 De
1428 2386 1516 2431 alio
1528 2402 1581 2431 ex
1594 2403 1702 2432 cane
1727 2389 1766 2432 ἃ
1786 2385 1924 2439 fimia,
1956 2400 2070 2433 certe
2088 2387 2249 2446 proba-

190 2447 282 2493 bile
307 2449 576 2506 exemplum.
646 2450 716 2493 De
741 2465 903 2495 venere
929 2449 1219 2508 quadrupeda
1241 2450 1361 2494 inter
1377 2450 1419 2494 a&
1440 2465 1558 2502 aves,
1583 2451 1745 2496 merito
1774 2450 1963 2496 dubitat.
2033 2452 2248 2511 Jumaros

190 2527 323 2557 veros
353 2509 433 2556 effe
462 2509 622 2556 asmos.
691 2509 963 2558 Differentia
987 2511 1219 2557 hominem
1252 2514 1370 2558 inter
1399 2514 1440 2558 ἃ
1465 2514 1688 2558 animalia.
1758 2515 1841 2559 His
1861 2513 2127 2559 inllinc'tus:
2165 2513 2248 2559 ho-

190 2575 306 2621 mini
334 2576 513 2620 nullus:
551 2573 658 2620 huic
685 2579 814 2621 ratio.
886 2576 1098 2622 Omnino
1113 2574 1251 2620 homo
1269 2576 1392 2635 bipes
1417 2575 1494 2629 est,
1515 2578 1556 2622 ἃ
1582 2578 1708 2628 nulla
1724 2575 1845 2622 simia
1873 2575 1953 2621 nisi
1973 2579 2244 2636 quadrupes,

191 2655 247 2688 ex
274 2636 451 2683 fabrica.
524 2639 591 2683 Ita
621 2639 669 2683 in
706 2637 827 2684 simia
863 2638 1057 2684 mandril
1091 2640 1308 2685 vertebrae
1337 2641 1443 2685 colli
1466 2656 1563 2685 non
1586 2652 1639 2686 ut
1661 2640 1710 2685 in
1742 2638 1928 2685 homine
1958 2642 2176 2697 parallelae
2203 2642 2246 2686 &

189 2699 498 2747 horizontales
516 2736 526 2752 ,
559 2701 612 2746 ad
639 2714 774 2761 eaput
798 2700 1105 2747 sustinendum
1132 2700 1259 2749 facia:
1286 2701 1415 2756 sunt,
1454 2702 1528 2750 sed
1544 2703 1727 2762 oblique
1743 2704 2001 2747 imbricatae.
2053 2704 2247 2750 Homini

191 2766 371 2822 nullum
400 2782 449 2810 os
476 2766 853 2818 intermaxillare,
882 2764 956 2811 sed
970 2764 1077 2811 huic
1090 2764 1224 2812 fimiae
1239 2767 1415 2826 utique.
1486 2769 1541 2812 In
1559 2767 1737 2811 cerebro
1755 2766 1954 2825 ejusdem
1990 2768 2127 2822 (nam
2144 2767 2247 2812 viro

193 2827 258 2872 Cl.
287 2827 454 2874 occasio
469 2827 557 2875 fuit
574 2828 833 2883 incidendi)
870 2831 993 2875 nulla
1014 2829 1166 2889 pontis
1184 2831 1409 2878 VAROLu
1426 2848 1449 2876 a
1471 2829 1665 2875 medulla
1684 2827 1843 2888 spinali
1858 2828 2099 2882 distinciio,
2120 2833 2247 2877 nulla

194 2905 380 2948 corpora
403 2893 693 2952 pyramidalia
727 2895 765 2938 ἃ
790 2893 992 2939 olivaria.
1062 2894 1235 2940 Dentes
1264 2894 1415 2940 canini
1438 2892 1597 2945 simiae,
1638 2893 1769 2938 etiam
1796 2890 2242 2953 anthropomorphae,

190 2953 445 3014 longiores,
483 2958 673 3004 molares
699 2957 853 3005 multis
875 2955 1077 3020 apicibus
1107 2955 1262 3017 asperi.
1331 2955 1513 3003 Menses
1550 2958 1591 3004 &
1627 2954 1798 3016 hymen
1839 2955 2016 3005 homini
2057 2958 2244 3017 proprii.

1167 3021 1211 3068 U
1231 3036 1262 3068 u
1294 3036 1326 3069 u
1348 3037 1379 3067 u
1411 3032 1440 3070 2.
2048 3022 2244 3070 Rullum
