2531 3394
323 118 420 173 ,με
709 87 982 164 Lissus.
1073 112 1508 186 ANATOMEs
1543 93 1989 182 PERFE'KCTIQ

744 217 747 221 .
815 250 853 299 §.
894 242 1241 293 MLXXXV.
1331 247 1380 299 J.
1415 241 1595 291 Thomas
1618 245 1882 299 GumE‘m,

455 341 693 389 Archiater
715 341 771 389 R.
804 342 1038 391 Sardiniae.
1118 340 1237 400 EJUS
1273 338 1381 387 sunt
1417 339 2033 404 diſji’rtationeslphyfiologicae
2062 341 2121 399 ἓξ
2147 343 2310 391 medicae
2337 347 2384 390 in

327 405 439 452 duas
456 405 652 464 sbft‘iones
675 405 815 465 divisae
846 406 994 452 Turin
1017 416 1151 464 1747.
1177 401 1259 458 8.*
1290 406 1487 451 Practica
1509 406 1617 451 alias
1643 405 1865 451 dicentur.
1934 406 1967 463 L
1997 405 2049 451 de
2068 409 2377 467 generatione.

329 470 491 517 Semen
514 471 692 531 gallinae
723 470 772 515 in
807 469 989 529 proprio
1019 466 1196 514 sacculo
1225 469 1482 522 contineri,
1529 469 1609 529 qui
1643 471 1692 515 in
1724 467 1820 515 fetu
1863 475 1984 529 'pone
2011 472 2181 517 rectum
2212 471 2386 517 intesti-

326 550 441 580 num
468 534 705 594 reperitur.
775 534 891 579 Cum
919 531 1086 590 gallina
1114 531 1248 577 violis
1281 530 1563 591 pasceretur,
1603 534 1798 578 colorem
1829 534 1879 579 in
1915 533 2122 579 vitellum
2154 533 2382 581 transiisse.

329 599 435 644 Ova
460 598 595 644 etiam
625 596 837 642 incubata
868 593 1066 655 effregit,
1113 597 1284 655 aliquas
1312 597 1630 642 adnotationes
1655 596 1835 642 adtulit.
1926 597 2108 642 Pullum
2141 596 2290 644 oleoso
2328 599 2381 644 li-

328 677 501 720 quore,
538 662 722 713 vitello,
758 659 817 705 ali
846 661 885 704 &
911 657 1201 718 lymphatica
1272 660 1470 714 Partium
1501 658 1867 719 spermaticarum
1897 661 2172 720 principium
2208 659 2287 706 effe
2315 677 2385 708 ce-

326 719 538 785 rebrum,
576 740 651 769 cor
680 721 1045 781 sanguinearum.
1116 725 1170 769 Se
1192 721 1345 768 vidisse
1370 721 1453 769 sub
1482 724 1672 783 occipite
1699 724 1960 783 glandulam
1996 726 2381 784 conglomeratam

326 786 512 834 fimilem
543 786 706 845 thymi.
775 787 833 832 II.
861 787 930 831 De
956 786 1225 832 nutritione.
1296 787 1409 832 Dari
1434 787 1532 833 vias
1558 788 1609 833 in
1635 785 1823 834 homine
1851 788 2120 839 anatomicis
2136 788 2382 850 ignoratas.
2408 799 2409 802 ’

326 852 484 899 Pullus
514 852 656 910 capite
685 861 923 897 truncatus
950 849 1028 896 diu
1052 848 1285 910 superstes.

998 978 1044 1036 ς.
1080 977 1466 1028 MLXXXVI.
1573 945 1710 1029 rai-ii.

457 1075 660 1124 *Matthaei
683 1078 841 1124 MATY
867 1076 975 1138 eloge
995 1081 1181 1138 critique
1192 1077 1275 1136 fiir
1298 1078 1335 1124 le
1360 1078 1574 1124 εαναὲἴενε
1600 1077 1652 1123 de
1670 1078 1818 1139 grand
1835 1077 2022 1125 medecin
2037 1112 2049 1132 ,
2088 1080 2143 1125 οἰι
2165 1079 2275 1140 eloge
2300 1084 2385 1126 cria

329 1145 445 1201 tique
476 1142 528 1188 de
561 1142 876 1188 BOERHAAVE
915 1142 1122 1200 Cologne
1171 1140 1471 1198 (Hollande)
1522 1153 1658 1200 1747.
1693 1142 1773 1196 8.*
1838 1145 2010 1190 Auctor
2036 1141 2383 1190 humaniffimus

325 1207 512 1258 MATY,
550 1207 628 1265 qui
655 1221 828 1250 nomen
853 1202 986 1251 suum
1014 1205 1288 1258 occultavit,
1326 1222 1382 1250 ne
1418 1207 1589 1251 nimios
1624 1207 1778 1264 magni
1812 1207 2097 1267 praeceptoris
2125 1206 2386 1254 adoratores

328 1265 578 1315 offenderet
603 1303 615 1322 ,
669 1267 810 1314 sancti
850 1270 892 1314 &
925 1269 1116 1314 innocui
1147 1269 1232 1315 viri
1273 1270 1485 1329 pietatem
1518 1271 1559 1314 Sc
1595 1268 1818 1316 excelsum
1858 1270 2062 1316 animum
2106 1283 2382 1323 veneratum

327 1333 611 1392 aliquantum
631 1332 818 1377 nimiam
852 1333 901 1378 in
931 1348 982 1377 eo
1011 1330 1136 1378 fuiffe
1158 1344 1363 1379 veterum
1395 1334 1436 1378 &
1461 1330 1768 1379 chemicorum
1794 1335 2091 1380 reverentiam
2109 1368 2121 1386 ‚
2159 1334 2382 1394 hypothe-

325 1394 446 1442 fibus
472 1412 808 1456 nonnunquam
832 1394 1057 1443 indulsisse
1082 1394 1263 1443 fatetur,
1349 1396 1596 1443 Peculiaria
1624 1394 1788 1444 summi
1823 1399 1911 1446 viri
1942 1398 2129 1444 inventa
2159 1414 2257 1443 non
2286 1414 2385 1459 per-

323 1458 543 1520 sequitur.
2066 1508 2070 1509 γ

455 1543 511 1588 In
530 1543 584 1588 T.
603 1542 685 1588 VI,
715 1543 762 1588 P.
784 1553 825 1589 2.
853 1540 1061 1589 verlnmd.
1092 1542 1171 1589 der
1193 1540 1471 1603 Hollandsche
1496 1542 1792 1606 maatschappy
1818 1553 2150 1589 commentatur
2177 1541 2232 1589 ad
2250 1540 2384 1590 fastos

328 1607 598 1652 emortuales
621 1605 945 1653 Londinenses.

454 1692 622 1733 Lettere
650 1691 819 1734 intorno
851 1689 924 1733 alli
957 1687 1100 1746 insetti
1141 1686 1212 1735 che
1241 1687 1283 1746 fi
1315 1689 1641 1749 multiplicazmo
1686 1688 1900 1734 mediante
1942 1687 1979 1734 le
2002 1686 2170 1746 sezioni
2203 1687 2251 1733 di
2291 1688 2384 1736 loro

327 1755 445 1812 corpi
490 1751 660 1796 Venez.
694 1764 826 1810 1747.
856 1751 958 1797 12*
998 1754 1039 1798 &
1077 1753 1125 1797 in
1149 1753 1285 1813 opusc.
1306 1752 1491 1813 scientis.
1524 1765 1651 1814 t.437.
1720 1752 2069 1799 Lumbriccrum
2098 1751 2383 1798 diffedtorum

327 1815 561 1875 portiones
590 1816 640 1860 in
660 1816 889 1876 integrum
917 1816 1083 1861 animal
1111 1815 1432 1863 convalescere.
1483 1815 1833 1876 Zoophytorum
1862 1814 2032 1861 fabrica
2056 1817 2095 1861 8<
2114 1815 2385 1862 incrementi
2455 1814 2457 1816 ’

328 1879 530 1939 analogia
562 1895 664 1926 cum
693 1879 1011 1939 vegetabilium
1037 1881 1334 1926 incremento.
1404 1878 1703 1926 Renascentes
1724 1892 1869 1939 partes
1889 1880 2174 1939 explicantur
2198 1896 2276 1940 per
2298 1878 2386 1940 spi-

328 1944 444 1988 ritus
467 1945 515 1988 in
544 1942 755 1989 univerfo
790 1943 964 1988 mundo
989 1942 1204 2003 dispersos
1240 1945 1450 2002 (animas
1478 1943 1882 2003 Hippocraticas)‚
1924 1943 2004 2002 qui
2031 1956 2257 1997 conantur
2287 1959 2385 2003 per-

329 2017 469 2064 petuo
502 2008 551 2051 in
576 2023 739 2066 corpus
770 2006 954 2066 aliquod
990 2007 1212 2066 irrepere,
1259 2008 1382 2067 quod
1415 2008 1470 2053 ad
1502 2023 1658 2053 eorum
1702 2004 2013 2053 evolutionem
2050 2006 2268 2052 idoneum
2305 2005 2380 2052 est.

326 2069 538 2125 Diarium
561 2069 792 2131 sexaginta
815 2071 1016 2124 dierum,
1052 2088 1144 2131 quo
1170 2071 1489 2118 adnotationes
1512 2071 1562 2116 in
1589 2069 1766 2117 dissecto
1798 2070 2021 2117 lumbrico
2041 2070 2237 2116 terrestri
2254 2067 2383 2116 factae

329 2145 674 2179 continuantur.

457 2213 699 2261 Alelchioris
733 2215 861 2262 Card.
901 2215 953 2261 de
979 2217 1249 2264 POLIGNAC
1283 2217 1589 2263 Antilncretius
1613 2216 1651 2275 s
1688 2215 1740 2262 de
1770 2219 1859 2261 Deo
1890 2212 1948 2269 ἓξ
1972 2226 2132 2261 natura
2173 2214 2270 2261 Lib.
2295 2215 2380 2261 IX.

328 2275 461 2325 Paris.
488 2290 618 2335 1747.
662 2292 795 2336 1749.
832 2292 898 2326 12.
929 2281 1116 2326 2.V01.*-
1165 2279 1281 2340 Lips.
1302 2288 1436 2339 1748.
1465 2281 1540 2333 8.*
1572 2283 1654 2326 Sco.
1723 2277 2019 2326 Posthumum
2055 2295 2240 2339 poema,
2286 2294 2384 2324 non

328 2342 500 2401 ubique
533 2341 622 2399 legi
648 2343 787 2401 pedite
823 2342 953 2389 fidele
979 2378 991 2396 ,
1039 2355 1250 2389 caeterum
1290 2361 1437 2404 neque
1476 2345 1661 2404 ingenio
1692 2343 1956 2389 destitutum
1978 2376 1989 2394 ,
2035 2359 2180 2402 neque
2212 2343 2380 2388 nitore.

328 2406 379 2452 L.
394 2404 454 2450 V.
486 2404 539 2450 de
565 2405 741 2458 anima,
786 2407 971 2466 ejusque
1005 2423 1107 2452 cum
1135 2424 1321 2467 corpore
1354 2409 1651 2461 commercio,
1688 2419 1818 2452 motu
1844 2407 2123 2452 voluntario·
2223 2407 2272 2452 L.
2297 2406 2380 2452 VI.

328 2480 487 2514 contra
524 2470 719 2514 animam
754 2469 996 2515 brutorum
1032 2487 1087 2515 ex
1118 2472 1363 2518 CARTEsu
1395 2472 1590 2532 placitis,
1672 2472 1722 2518 L.
1750 2471 1854 2517 VII.
1899 2470 1951 2515 de
1978 2469 2298 2530 generatione,
2340 2470 2382 2514 &

327 2544 487 2578 contra
511 2548 607 2577 eam
622 2566 634 2584 ,
672 2548 773 2591 quae
797 2533 961 2578 dicitur
984 2535 1229 2592 aequivoca.
2070 2540 2073 2544 ’

350 2635 353 2646 =
451 2614 604 2659 Italice
629 2624 832 2659 vertente
852 2613 893 2673 J.
915 2614 958 2659 P.
984 2616 1306 2663 BERGANT1N1
1343 2617 1529 2664 Verona
1553 2629 1685 2676 1753.
1713 2622 1755 2670 8.
1801 2615 2021 2662 Vertente
2045 2611 2262 2671 Franczsco
2275 2616 2383 2659 Ma-

325 2680 395 2723 ria
419 2677 569 2723 Rlccl
602 2677 663 2723 ib.
689 2689 824 2734 1751.
850 2682 892 2729 8.
927 2677 1081 2724 2.Vol.
1126 2687 1127 2691 ’

459 2758 650 2804 William
671 2758 856 2806 GOULD
879 2769 1058 2804 account
1088 2758 1141 2818 of
1159 2758 1326 2819 English
1346 2762 1459 2806 Ants
1493 2761 1689 2808 London
1715 2772 1845 2818 ¹747.
1874 2760 1947 2812 8.*
2001 2757 2183 2805 Fabrica
2205 2758 2378 2804 anima-

325 2821 413 2873 lis3
449 2820 571 2867 sedes
594 2824 696 2867 vitae
719 2822 767 2866 in
794 2819 1003 2873 thorace,
1039 2837 1144 2866 nam
1178 2824 1334 2882 capitis
1357 2824 1574 2883 jacturam
1605 2823 1735 2869 facile
1763 2822 1863 2869 fert.
1936 2823 2195 2867 Venenum.
2265 2823 2378 2869 Tres

327 2883 484 2936 sexus,
530 2883 710 2931 fcminae
737 2886 902 2944 pariter
924 2885 971 2930 in
998 2901 1180 2944 quoque
1208 2887 1414 2932 examine
1441 2903 1617 2946 paucae,
1650 2886 1723 2932 sed
1744 2886 2012 2938 concordes,
2055 2902 2163 2945 quas
2198 2884 2379 2931 feminae

329 2948 540 3007 gregaria?
575 2950 615 2994 3<
648 2947 757 2994 sexu
784 2948 1007 2994 destitutae
1034 2964 1196 3008 magna
1223 2965 1325 2993 cum
1357 2965 1462 2994 cura
1486 2952 1644 3002 alunt,
1681 2950 1842 3009 majori
1870 2949 2105 3012 nymphas.
2176 2949 2247 2997 Ad
2284 2948 2378 2995 hie-

328 3026 448 3057 mem
470 3016 640 3073 penum
663 3013 836 3063 nullam
855 3010 1121 3063 convehunt
1135 3045 1149 3068 ,
1185 3028 1320 3075 quam
1345 3010 1499 3074 sopitae
1521 3011 1780 3075 transigant.

2261 3043 2375 3102 John
