2531 3394
255 81 258 82 ᾗ
316 113 412 169 ηεἼ
716 111 850 160 zm.
898 113 990 160 lx.
1056 109 1467 161 ANAToMEs
1515 85 1954 170 PERFEcrfo.

836 240 883 298 §.
922 240 1185 291 MCXCI.
1282 243 1341 303 Jf‘
1361 245 1518 288 Maria
1543 241 1595 287 de
1618 243 1825 298 Tuan,

444 334 710 399 Theologus
731 338 1088 399 Neapolitanus,
1116 334 1449 398 microscopicis
1473 340 1938 399 contemplationibus
1960 339 2219 391 deleaatus.
2253 343 2360 393 Edi-

317 399 385 445 dit
410 401 617 461 epistolam
641 401 696 448 ad
718 405 767 448 A.
789 405 833 449 N
840 417 1004 453 OLLET
1028 403 1156 447 nullo
1184 417 1305 446 anno
1324 418 1407 447 nec·
1436 403 1506 447 die
1529 402 1699 455 addito,
1733 410 1774 456 8.
1800 402 1947 449 forma
1975 405 2196 461 excusam,
2225 426 2363 469 quam

316 462 405 510 hoc
427 463 524 524 ipso
547 481 668 512 anne
693 467 887 525 accepi‚*
955 465 1175 511 Lentibus
1198 463 1304 511 usus
1333 465 1393 511 est
1423 467 1580 512 vitreis
1599 500 1611 519 ,
1649 467 1824 526 objecsta
1847 468 2040 513 maxime
2064 473 2362 530 augentibus,

313 537 370 573 ut
395 526 610 575 diameter
640 532 836 589 1280plo
864 528 1128 574 incresceret
1145 562 1158 581 ,
1196 530 1776 577 LEEUWENHOECKJANIS
1794 531 1907 576 adeo
1938 531 2068 578 vitris
2089 537 2239 581 multo
2264 553 2368 584 aeu-

313 591 526 638 tioribus.
597 593 820 640 Globulos
846 593 1007 638 rubros
1038 592 1158 638 inter
1186 592 1295 638 duas
1322 594 1428 639 talei
1453 594 1642 639 laminas
1662 592 1880 654 suscepit,
1931 611 2034 655 quze
2060 599 2177 643 mala
2201 598 2262 644 est
2290 601 2367 646 ad..

311 654 596 702 ministratio.
682 658 804 703 Hinc
826 657 1035 716 globulos
1067 654 1181 715 saepe
1204 651 1436 702 difformes
1462 658 1659 715 reperit,
1696 674 1830 704 cavos
1858 674 1989 705 veros
2025 657 2254 715 sacculos,
2290 680 2367 710 cu.

315 717 454 765 sicula
478 717 618 766 fanos
641 721 681 765 &
706 718 802 765 sero
821 721 994 779 plenos.
1064 716 1359 766 Craffiffimos
1383 720 1432 766 in
1459 720 1681 767 columbis
1701 720 1780 767 effe
1796 756 1808 775 ,
1846 720 2130 770 tenuiffimos
2161 725 2211 771 in
2235 727 2365 776 laete.

444 801 500 846 In
521 799 631 848 Phil.
665 801 817 860 Trans]
844 801 897 847 T.
919 799 1016 847 LV.
1055 801 1221 846 iterum
1251 799 1357 854 effe,
1406 817 1596 860 corpora
1628 800 1903 862 sphaeroidea
1937 802 2187 864 perforata,
2223 809 2364 855 anulo

319 863 594 910 circumdata
614 865 878 917 articulato,
915 864 1045 923 cujus
1070 865 1249 910 articuli
1279 865 1413 911 etiam
1439 863 1683 913 discedant.
1752 868 1823 912 De
1844 867 1941 926 ejus
1973 869 2061 914 viri
2091 869 2222 917 vitris
2257 888 2364 918 con-

311 928 439 974 vexis
462 929 651 974 relatum
679 927 739 973 est
769 928 823 973 ad
858 928 1047 989 Regiam
1078 930 1347 976 Societatem
1371 929 1423 976 in
1453 929 1543 978 Vol.
1567 929 1689 977 LVI.
1756 929 2083 979 Minutiffimas
2111 931 2192 980 effe
2223 932 2366 996 sphae-

311 991 456 1045 rulas,
493 989 568 1037 sed
599 993 771 1038 nullius
799 990 921 1038 usus.

439 1073 515 1132 EJ.
552 1077 710 1120 Nuove
727 1071 1010 1134 offervazioni
1024 1077 1194 1120 intorno
1212 1074 1401 1134 lastoria
1421 1074 1625 1121 naturale
1659 1075 1830 1135 Napoli
1846 1082 1981 1134 1763.
2007 1075 2083 1130 8.*
2118 1078 2220 1125 Hoc
2239 1079 2362 1138 prin-

312 1152 414 1195 ceps
428 1137 513 1183 viri
526 1153 641 1196 opus
655 1135 727 1182 est.
769 1150 807 1183 1.
831 1138 901 1183 De
914 1135 1005 1183 suis
1019 1136 1342 1198 microscopiis,
1372 1138 1642 1186 diametrum
1658 1150 1829 1197 2500es
1847 1141 2136 1200 augentibus.
2171 1153 2216 1190 2.
2241 1141 2364 1205 Chy-

311 1201 396 1246 lus.
468 1200 521 1245 In
549 1216 601 1246 eo
633 1199 782 1247 saccos
813 1199 893 1247 esse
917 1199 1272 1254 membranosos,
1302 1202 1382 1260 qui
1409 1202 1455 1247 in
1480 1202 1690 1261 globulos
1714 1202 1984 1264 sanguineos
2004 1204 2184 1252 abeunt.
2222 1206 2364 1253 Anuli

312 1258 480 1322 chylofi
505 1264 639 1309 etiam
670 1263 906 1324 compositi
939 1264 1134 1317 dantur,
1173 1267 1214 1311 ἃ
1251 1263 1374 1325 quasi
1414 1266 1656 1312 articulati.
1743 1268 1932 1313 Globuli
1960 1266 2199 1329 sanguinei
2232 1271 2361 1316 anuli

308 1324 416 1372 sunt
442 1325 678 1385 perforati,
713 1328 965 1382 articulati,
1003 1346 1057 1374 ex
1088 1328 1293 1388 pluribus
1327 1330 1557 1387 particulis
1592 1329 1854 1390 compositi,
1899 1347 1998 1390 quae
2031 1348 2056 1377 a
2085 1330 2129 1378 se
2161 1333 2360 1379 invicem

311 1388 532 1436 discedere
563 1390 753 1449 possunt.
844 1392 1042 1439 Solitarii
1072 1393 1210 1438 iidem
1238 1391 1344 1438 flavi
1373 1391 1510 1445 sunt,
1561 1392 1797 1452 compositi
1837 1396 2017 1441 rubent.
2101 1397 2357 1456 Nunquam

261 1476 264 1481 r
305 1452 512 1513 sphaerici
546 1453 664 1500 sunt.
734 1457 787 1501 In
808 1455 1005 1516 angustis
1026 1456 1260 1502 canalibus
1287 1455 1547 1516 compressi,
1579 1458 1629 1503 in
1649 1458 1986 1516 longitudinem
2013 1459 2231 1519 majorem
2256 1477 2359 1520 pro-

307 1517 566 1570 ducuntur,
603 1518 773 1565 flexiles
792 1520 946 1572 iidem,
982 1536 1129 1579 neque
1151 1520 1331 1566 elastici.
1402 1521 1457 1566 In
1484 1537 1600 1580 aqua
1624 1521 1821 1568 minores
1847 1520 1981 1568 fiunt.
2050 1523 2105 1568 In
2131 1524 2230 1569 aliis
2263 1524 2360 1569 ani-

304 1581 500 1627 malibus
543 1580 703 1628 similes
745 1584 973 1644 adparent.
1042 1585 1238 1630 Articuli
1277 1587 1319 1630 &
1361 1582 1442 1643 ipsi
1480 1585 1669 1630 totidem
1705 1583 1811 1631 sunt
1847 1584 2149 1632 membranosi
2193 1585 2358 1633 sacculi

303 1643 452 1703 figura
478 1647 685 1692 mutabili
770 1659 810 1703 3.
843 1649 986 1693 Fibrae
1008 1646 1278 1694 musculares
1293 1648 1485 1708 turgidae
1510 1647 1640 1701 sunt,
1673 1650 1897 1695 tendineae
1923 1650 2083 1709 planae.
2150 1650 2360 1697 Minimae

304 1706 507 1762 fibrillae,
543 1726 642 1768 quae
677 1708 765 1757 sint
799 1709 1086 1771 transpiratio
1115 1710 1383 1758 insensibilis
1422 1715 1600 1764 comita,
1645 1729 1780 1771 quam
1809 1713 1944 1759 etiam
1980 1714 2086 1759 alias
2116 1712 2282 1760 viderit
2307 1714 2360 1760 in

308 1772 498 1882 laminsas
525 1772 689 1821 abiisse.
779 1774 1035 1822 Substantia
1057 1775 1317 1823 medulla-ris
1349 1776 1519 1822 cerebri
1547 1775 1746 1836 globulis
1787 1775 1840 1824 fit
1863 1795 1878 1829 3
1937 1775 2149 1824 cellulosa
2173 1779 2261 1824 tela
2289 1788 2360 1824 to-

308 1846 354 1881 ta
386 1852 436 1882 va
459 1853 509 1884 is.

888 1927 925 1976 ᾗ.
963 1924 1016 1970 Μ
1029 1923 1067 1969 C
1078 1924 1123 1969 X
1138 1923 1176 1969 C
1191 1922 1213 1968 Ι
1226 1923 1262 1969 I.
1360 1924 1609 1969 Anatom'ici
1631 1926 1768 1968 varii.

434 2016 578 2078 Hugh.
607 2019 773 2065 SMITH
802 2018 943 2080 Effays
968 2018 1267 2082 pljjfiological
1288 2020 1376 2065 and
1391 2020 1604 2080 prafflcal
1626 2036 1678 2065 on
1709 2017 1777 2065 the
1802 2030 1959 2065 nature
1988 2018 2081 2065 and
2102 2019 2356 2067 circulation

307 2079 362 2140 of
385 2078 452 2126 the
481 2081 605 2129 blood
628 2083 716 2128 and
739 2082 807 2129 the
835 2083 968 2143 effefils
1001 2084 1054 2143 of
1073 2083 1351 2144 bloodletting
1385 2084 1578 2130 London
1601 2090 1736 2140 1761.
1761 2081 1840 2136 8.*
1904 2084 2017 2129 Non
2042 2095 2213 2129 certum
2242 2083 2353 2137 esse,

316 2144 554 2203 globulum
580 2147 766 2191 rubrum
792 2149 840 2192 in
866 2146 940 2192 sex
967 2149 1165 2193 minores
1190 2145 1410 2192 discedere
1432 2167 1443 2192 :
1480 2149 1521 2193 &
1539 2147 1729 2192 omnino
1754 2145 1904 2192 serum·
1925 2146 2090 2191 flavum
2114 2162 2210 2192 non
2233 2145 2355 2194 nasci

310 2224 365 2252 ex
380 2209 516 2254 rubro
530 2206 758 2268 sanguine.
826 2213 1010 2257 Motum
1030 2211 1177 2256 cordis
1195 2227 1219 2255 a
1246 2210 1425 2257 stimulo
1442 2209 1538 2264 effe,
1559 2227 1653 2255 non
1670 2213 1800 2262 reete,
1817 2211 1962 2255 an
1972 2223 2098 2257 TT10
2115 2211 2358 2257 inventum

306 2271 489 2317 tribuit.
570 2273 913 2319 Derivationem
948 2277 989 2320 ἃ
1027 2273 1330 2320 revulsionem
1360 2275 1522 2336 rejicit.
1589 2274 1786 2320 Dubitat
1822 2289 1935 2319 num
1978 2273 2034 2318 ab
2078 2272 2356 2328 oscillatione

305 2335 665 2382 WHYTTlANA
698 2337 993 2383 inflammatio
1014 2336 1134 2384 nasci
1160 2350 1310 2398 queat.

435 2452 446 2462 .
480 2452 492 2463 .
527 2452 539 2463 .
575 2452 586 2463 .
623 2418 931 2470 PANKOUKE,
957 2419 1252 2479 bibliopolae,
1286 2431 1366 2465 aut
1390 2432 1507 2466 certe
1530 2419 1641 2472 viri,
1673 2418 1825 2479 quiid
1860 2434 2029 2464 nomen
2060 2417 2139 2465 fibi
2171 2417 2349 2472 sumsit,

303 2480 356 2527 de
381 2478 572 2527 l'homme
606 2478 664 2535 ἓξ
688 2480 738 2525 de
760 2482 805 2526 la
844 2482 1141 2541 repr0d11t³3i0n
1179 2483 1248 2528 des
1283 2483 1481 2543 dfflrens
1502 2483 1741 2535 indivisim,
1779 2499 1966 2543 ouvrage
1993 2488 2066 2542 qui
2085 2495 2194 2544 peut
2207 2483 2354 2540 servir

302 2544 635 2590 d⁷introdu<53ion
665 2541 724 2599 ἐξ
744 2545 795 2590 de
821 2543 978 2605 defense
1003 2548 1027 2589 A
1052 2544 1249 2605 l’histoire
1280 2548 1489 2593 naturelle
1516 2547 1586 2593 des
1620 2551 1826 2593 animaux
1849 2545 1901 2591 de
1932 2550 2028 2592 Mr.
2057 2546 2109 2592 de
2144 2544 2351 2593 BUFF‘ON

305 2607 426 2654 Paris
455 2614 588 2665 1761.
625 2607 730 2654 12*
795 2608 1174 2656 BUFFONIANAM
1198 2609 1469 2669 hypothesin
1495 2612 1655 2669 repetit
1673 2644 1687 2663 ,
1722 2608 1886 2669 absque
1903 2610 1999 2654 ullo
2025 2611 2351 2668 experimento.

305 2671 491 2717 Fatetur
513 2669 677 2732 absque
700 2668 828 2716 sensu
856 2669 984 2716 sexto
1016 2682 1094 2716 aut
1116 2671 1301 2731 septimo
1338 2690 1433 2719 non
1462 2673 1578 2733 posse
1604 2674 1840 2719 modulum
1869 2673 2102 2718 internum
2135 2671 2351 2731 intelligi.

303 2734 455 2780 Partes
489 2735 722 2794 organicas
753 2751 777 2779 a
802 2736 873 2787 vi,
911 2750 1047 2793 quam
1073 2735 1220 2780 noste-r
1244 2735 1323 2781 sibi
1346 2749 1576 2797 tamquam
1598 2737 1746 2783 datam
1773 2734 1934 2786 sumit,
1973 2735 2189 2786 ordinari,
2229 2750 2347 2780 eam.

304 2813 392 2856 que
415 2799 507 2845 vim
536 2797 743 2858 seligere,
787 2799 824 2844 &a
851 2800 900 2844 in
923 2798 1128 2844 ordinem
1160 2797 1411 2858 disponere.
1478 2802 1607 2846 Mera
1627 2800 1831 2857 undique
1857 2795 2130 2856 hypothesis.

431 2881 536 2924 Avis
568 2879 671 2925 d’un
685 2878 905 2936 serviteur
933 2878 1174 2939 d’Esculupe
1187 2879 1267 2936 fizr
1288 2881 1344 2925 les
1364 2881 1569 2939 melanges
1596 2880 1647 2925 de
1671 2878 1882 2938 cliirurgie
1914 2876 1965 2923 de
1987 2882 2080 2923 Mr.
2105 2878 2350 2926 POUTEAU

304 2940 439 3002 Lyon
467 2949 601 3002 1761.
635 2942 712 2998 8,*
777 2941 998 3005 Asperum
1026 2941 1259 3005 scriptum.
1301 2944 1379 2999 Cl.
1399 2945 1644 2995 PourEAu
1673 2943 1730 2991 in
1764 2941 1950 2990 canibus
1985 2941 2192 2996 viderat,
2216 2940 2350 3053 setnsu

2265 3021 2351 3054 ‘en-
