2531 3394
285 126 379 182 436
658 101 818 166 ΠΒ.
871 118 962 165 zx.
1028 108 1437 162 ANAToMES
1486 107 1926 158 PERFECTIO.

287 251 488 311 Supinus
507 265 667 309 nempe
689 247 831 295 homo
851 247 1046 294 sternum
1077 248 1153 304 per
1179 239 1407 289 musculos
1435 238 1692 288 abdominis
1721 237 1894 293 firmat,
1934 237 1989 287 ad
2008 238 2213 287 sternum
2231 253 2340 288 con-

288 314 518 363 firmatum
547 311 738 361 musculi
764 310 996 359 mastoidei
1020 318 1157 368 caput
1177 308 1372 368 erigunt.

941 440 984 497 ς.
1021 439 1140 486 MC.
1231 442 1401 511 ”Diaria
1427 441 1531 483 anni
1559 447 1695 494 1749.

420 551 476 598 In
504 544 886 609 Philofhphicarum
917 542 1266 602 Transaffionum
1294 557 1339 587 n.
1359 553 1468 600 492.
1511 540 1701 588 William
1723 538 1975 586 WATSON
2008 535 2062 584 de
2086 538 2272 587 variolis
2292 539 2342 587 in

288 615 433 664 fetum
461 632 485 662 a
508 626 645 660 matre
670 611 806 657 modo
836 606 1201 660 transeuntibus,
1239 605 1375 652 modo
1402 619 1706 666 nequaquam.
1946 617 1951 620 ’

417 717 474 771 In
495 717 623 761 Me'm.
645 712 695 758 de
713 707 885 757 l’Acad.
916 706 983 753 des
1009 710 1193 754 Sciences
1215 705 1267 752 de
1283 709 1413 753 Paris
1438 705 1591 764 aliqua
1623 701 1730 750 sunt
1755 702 1809 749 de
1835 700 2145 750 musculorum
2170 702 2225 750 ab
2256 704 2344 750 ele-

293 782 427 828 &rica
450 779 642 826 scintilla
663 772 965 835 percussorum
988 772 1178 817 actione.

417 863 472 907 ln
501 864 619 906 Nov.
649 858 744 902 Aa.
775 853 915 900 Acad.
951 857 1123 913 Petrop.
1158 853 1212 898 T.
1230 852 1289 897 II.
1334 846 1626 896 curiosissima
1667 852 1836 909 Georgii
1878 846 2091 896 Wilhelmi
2121 849 2344 897 STELLER

292 925 535 973 dissertatio
561 922 781 981 reperitur
812 919 865 964 de
885 916 1038 963 bestiis
1064 916 1276 968 marinis,
1313 913 1417 960 urso
1448 914 1625 959 marino
1657 915 1698 958 &
1732 915 1862 958 leone
1895 914 2098 966 marino,
2147 926 2346 973 utroque

292 992 348 1037 de
367 989 521 1050 phocae
546 1001 722 1047 genere,
744 984 889 1042 deque
908 982 1079 1027 manati
1097 980 1137 1025 ἃ
1150 981 1268 1025 lutra
1279 980 1451 1024 marina
1466 979 1627 1023 vellere
1644 979 1904 1036 nigerrimo.
1973 979 2143 1029 Mores,
2165 993 2348 1037 genera-

292 1056 358 1102 tio
374 1088 386 1107 ,
421 1051 613 1110 denique
633 1059 840 1094 anatome
860 1045 1025 1091 horum
1051 1044 1315 1090 animalium
1336 1040 1431 1088 fuse
1450 1041 1523 1087 hic
1551 1041 1767 1092 traditur,
1802 1042 1844 1086 ἃ
1870 1039 1925 1085 ad
1948 1054 2173 1094 naturam,
2209 1057 2346 1101 quam

293 1115 499 1164 ininsula
517 1114 648 1159 maris
668 1110 844 1173 pacifici
867 1107 1112 1169 naufragus
1139 1110 1296 1153 audior
1323 1103 1645 1152 accuratissime
1666 1105 2000 1164 contemplatus
2022 1104 2102 1156 est.
2167 1105 2349 1152 Manati
2379 1130 2382 1132 v

292 1181 506 1229 fabricam
534 1177 624 1223 sere
650 1176 756 1236 equi
779 1174 915 1221 habet
933 1208 944 1224 ,
984 1175 1026 1218 &
1045 1170 1236 1218 vesicula
1261 1169 1373 1216 sellis
1397 1169 1670 1215 destituitur.
1742 1169 1793 1214 In
1816 1166 1920 1214 urso
1944 1171 2120 1215 marino
2142 1166 2346 1216 foramen
2370 1175 2379 1184 ‘

295 1246 423 1291 ovale
452 1256 656 1302 apertum
682 1240 758 1287 est.
832 1241 886 1285 In
913 1239 1032 1284 lutra
1053 1237 1234 1282 videtur
1255 1235 1417 1280 (suffitus
1440 1251 1494 1279 ex
1521 1233 1681 1292 thymo
1710 1235 1760 1278 in
1784 1231 1983 1292 asperam
2007 1234 2218 1279 arteriam
2246 1249 2349 1294 apc-

292 1310 385 1356 riri.
453 1305 720 1354 Germanice
745 1302 915 1364 prodiit
946 1301 1063 1347 Hall.
1087 1311 1219 1357 1753.
1244 1305 1284 1352 8.
1323 1296 1623 1357 Beschreibung
1639 1296 1926 1355 sonderharer
1937 1296 2216 1349 Meerthiere.

427 1390 482 1436 In
509 1388 662 1434 T.111.
696 1387 870 1446 EJUSD.
892 1384 944 1428 de
964 1380 1158 1442 piscibus
1178 1381 1314 1425 variae
1343 1369 1679 1425 adnotationes.
1749 1379 1982 1424 Salmones
2006 1378 2141 1424 semel
2168 1395 2347 1439 parere:

295 1452 433 1516 pisces
463 1455 502 1499 &
532 1467 675 1497 mares
707 1452 748 1496 &
778 1447 969 1495 seminas
1001 1448 1069 1492 lac
1098 1444 1299 1491 emissum
1328 1445 1559 1490 devorare.
1628 1439 1823 1488 Piscium
1848 1443 2132 1489 marinorum
2168 1459 2255 1490 ova
2280 1444 2350 1489 lu-

294 1535 403 1566 cere.
473 1515 753 1576 Appendices
782 1512 1004 1574 pyloricas
1026 1526 1121 1556 non
1150 1507 1231 1555 esse
1256 1519 1505 1569 pancreata.
1575 1507 1644 1552 De
1668 1505 1843 1567 hepatis
1871 1507 1921 1552 in
1944 1504 2196 1554 salmonum
2218 1517 2351 1568 gene-

293 1599 340 1629 re
372 1579 641 1628 diversitate.

424 1664 481 1710 In
505 1666 639 1710 Me'm.
673 1661 722 1706 de
751 1658 921 1706 l’AcasI.
956 1657 1025 1703 des
1048 1661 1233 1704 Sciences
1260 1655 1310 1701 de
1334 1655 1479 1703 Berlin
1505 1666 1640 1713 1749.
1667 1656 1733 1701 Cl.
1761 1656 2051 1707 REGUEL1N‚
2091 1654 2347 1708 Helvetius,

295 1727 376 1776 sua
410 1729 587 1774 ins-ovis
618 1724 731 1772 facita
758 1724 1062 1783 experimenta
1095 1719 1307 1766 recenset.
1376 1721 1600 1779 Lampade
1642 1718 1747 1765 usus
1791 1719 1882 1771 est,
1920 1719 2049 1779 cujus
2078 1735 2162 1777 ope
2196 1734 2345 1777 perpe-

295 1806 419 1840 tuam
439 1792 739 1852 aequalitatem
759 1788 918 1834 caloris
930 1786 1148 1839 obtinuit,
1172 1801 1273 1831 eum
1296 1783 1415 1831 testie
1434 1785 1701 1844 particulam
1716 1780 1981 1843 defregiffet‚
2007 1795 2060 1829 ut
2072 1784 2352 1828 incrementa

296 1857 556 1903 animalculi
583 1855 976 1912 contemplaretur.

426 1939 481 1984 ln
496 1935 689 1996 Swenslca
722 1931 987 1993 Wetenskap.
1016 1931 1217 1979 Academ.
1248 1930 1528 1991 Handlingar
1561 1942 1696 1988 1749.
1732 1933 1779 1983 J.
1802 1927 2034 1975 [fridericus
2046 1929 2351 1975 DAHLMANN

297 2003 501 2049 animalis
537 2000 731 2061 squamis
760 1998 869 2046 tecti
904 1995 1142 2044 Chinensis
1181 1996 1255 2047 dat
1294 2008 1553 2042 anatomen.
1621 1997 1788 2041 Penem
1819 1992 1980 2046 habet,
2031 2009 2178 2052 neque
2204 1992 2265 2038 est
2296 1992 2362 2038 de*

298 2067 565 2129 lacertarum
593 2080 768 2126 genere.

429 2148 485 2194 In
515 2148 608 2194 Αὲἶ.
636 2145 768 2193 Erud.
795 2143 904 2205 Lipfi
936 2155 1069 2201 1749.
1108 2143 1381 2202 Anonymus
1416 2152 1576 2186 contra
1611 2142 1656 2187 Β.
1686 2138 1895 2186 Ludovici
1923 2137 2155 2185 TRALLES
2184 2135 2354 2185 refuta-

296 2213 475 2265 tionem
502 2212 767 2258 DEMETRII
796 2211 946 2268 aliqua
970 2207 1164 2265 monuit.

428 2294 484 2340 In
507 2291 781 2352 Hctmhurger
807 2293 1022 2351 Magaain
1046 2289 1101 2335 T.
1119 2287 1201 2334 IV.
1236 2291 1280 2341 J.
1305 2285 1563 2346 Godofredus
1584 2286 1807 2332 PlETSCH
1836 2295 1968 2344 negat
2003 2283 2099 2331 dar'i
2129 2283 2353 2345 androgy-

275 2373 409 2425 ιηοε9
446 2372 550 2403 curn
580 2353 777 2415 spatium
806 2370 886 2414 pro
913 2353 1091 2399 duobus
1111 2352 1380 2412 genitalibus
1404 2349 1717 2410 systematibus
1737 2365 1834 2394 non
1852 2345 2062 2396 sufficiat.
2131 2351 2250 2406 Qae
2275 2349 2354 2396 ha-

281 2421 525 2468 bebantur
551 2435 632 2479 pro
660 2417 964 2478 androgynus,
1002 2433 1073 2463 eas
1098 2415 1287 2462 feminas
1317 2413 1458 2460 fuiffe.

429 2501 588 2550 Seleffa
608 2498 803 2561 physico·
821 2502 1061 2545 oeconomica
1092 2497 1179 2544 hoc
1205 2514 1326 2543 anno
1353 2508 1570 2556 ceperunt
1596 2495 1887 2556 Stuttgardiae
1919 2494 2021 2548 edi3
2059 2495 2255 2554 primum
2286 2504 2355 2540 to-

300 2582 427 2613 mum
456 2576 641 2612 curante
663 2560 940 2624 potissimum
962 2566 1008 2615 J·
1026 2561 1204 2607 Alberto
1228 2563 1451 2608 GESNER.
1520 2560 1660 2605 Varia
1683 2561 1925 2606 continent
1943 2592 1956 2612 ,
1993 2575 2093 2618 quae
2116 2557 2207 2604 huc
2240 2554 2355 2602 refe-

300 2646 400 2683 ras,
438 2644 591 2676 curam
613 2626 881 2674 serinorum.
951 2624 1201 2671 Cerebrum
1236 2625 1286 2670 in
1319 2624 1506 2671 homine
1532 2625 1771 2669 vulnerato
1798 2639 1875 2683 per
1890 2622 2142 2682 plenilunia
2169 2618 2356 2674 manife-

288 2692 368 2753 sto
386 2689 675 2744 intumuisse,
712 2686 977 2736 detumuisse
1001 2704 1079 2747 per
1107 2689 1361 2734 novilunia.
1429 2686 1717 2739 Monstrum,
1753 2688 1829 2733 cui
1860 2698 1996 2745 caput
2022 2684 2203 2731 cerebro
2224 2683 2355 2730 desti-

292 2748 462 2804 *tutum
495 2754 578 2802 ossi
614 2754 737 2802 sacro
767 2751 1002 2800 insidebat.
1069 2753 1138 2797 De
1174 2749 1513 2798 venaesectionis
1544 2751 1758 2797 utilitate.
1852 2750 2026 2795 Contra
2060 2749 2356 2796 SPRENGERI

287 2819 474 2875 ,ferinos
494 2819 707 2881 hybrides
739 2816 974 2868 fecundos.
1041 2816 1110 2860 De
1133 2813 1302 2861 sceletis
1326 2831 1404 2875 per
1425 2813 1635 2860 formicas
1665 2812 1889 2859 curandis.
2198 2831 2203 2839 ·

432 2902 504 2947 Sic
541 2897 820 2959 oeconomische
850 2894 1143 2945 Nachrichten
1177 2894 1332 2955 Lipsiae
1370 2895 1548 2955 prodire
1591 2905 1838 2955 ceperunt,
1883 2904 2182 2950 promovente
2224 2898 2354 2941 Petro

305 2964 506 3014 HOMAN
537 2965 590 3013 de
620 2961 884 3018 Hohentlml,
915 2959 1186 3011 oeconomici
1207 2957 1487 3022 potissimum
1510 2957 1793 3021 argumenti,
1824 2969 1878 3007 ut
1897 2954 2055 3019 passim
2080 2957 2360 3072 tamensphly-

2243 3037 2288 3071 10
2308 3037 2359 3070 0-
