2531 3394
417 126 836 207 §ww-733.
903 141 1302 201 VALsALvA.
1369 141 1624 190 PUGET.
1691 144 1989 195 sssscxsn.
2169 155 2225 193 ιι

763 222 803 336 ξ.
843 268 1294 320 DCCLXXXII.
1369 266 1412 329 J.
1449 267 1638 316 Puoe'r.

311 390 355 453 J.
382 390 560 438 PUGET
581 425 593 444 ,
632 383 974 450 Lugdunenfis‚
1019 382 1262 445 aliquoties
1298 381 1392 443 egit
1420 379 1475 427 de
1499 382 1643 429 oculis
1671 379 1971 437 insectorum,
2016 403 2129 446 quos
2155 405 2234 449 per

184 452 532 514 mieroscopium
557 453 888 511 contemplatus
913 447 990 495 est.
1058 449 1113 494 In
1135 446 1328 502 Journal
1359 444 1430 491 des
1454 447 1624 492 Savans
1652 457 1785 504 1704.
1815 462 1857 491 11.
1890 457 1930 503 5.
1959 448 2152 498 ostendit
2183 454 2234 498 in

186 521 321 566 oculo
350 517 529 565 locustae
561 512 723 563 libellae
750 517 792 560 δι
815 511 1021 559 scarabaei
1043 511 1194 558 lucani
1215 512 1379 555 multas
1405 506 1486 554 effe
1513 506 1635 568 quali
1665 510 1806 555 lentes
1829 509 2018 562 vitreas,
2061 517 2233 573 egregie

187 583 361 642 objecta
384 579 760 642 repraesentantes.
830 576 912 622 Per
947 591 1159 622 corneam
1194 571 1355 619 muscae
1387 570 1561 632 objecta
1592 570 1768 618 inversa
1799 572 2037 632 adparere;
2081 591 2236 624 earum

187 661 458 693 cornearum
493 643 751 691 tunicarum
783 639 1072 685 millenarum
1107 638 1287 698 agmina
1310 638 1360 682 in
1388 652 1484 682 uno
1519 633 1599 681 elie
1636 637 1797 688 oculo,
1841 652 1988 694 neque
2013 648 2164 683 tamen
2187 655 2238 684 ea

187 707 355 755 insecta
387 710 514 768 plura
542 707 716 765 objecta
740 703 917 755 videre,
955 719 1059 753 cum
1089 701 1304 747 omnibus
1333 698 1403 745 his
1434 699 1613 746 corneis
1648 699 1817 746 tunicis
1843 701 2007 745 unicus
2034 715 2240 746 commu-

189 773 261 819 nis
286 770 339 819 lit
367 770 509 817 focus.
577 769 632 815 In
658 768 888 827 papilione
910 767 1172 812 innumeras
1196 766 1337 809 lentes
1358 762 1521 808 vitreas
1553 760 1634 808 effe
1660 761 1944 824 hexagonas,
1984 763 2239 822 regulares,

189 835 424 883 nonnullis
453 833 633 894 punctis
667 830 909 877 distinctas.
999 831 1070 876 De
1106 828 1251 875 oculis
1289 828 1465 879 cancri,
1501 825 1804 887 pulcherrime
1832 826 2070 874 reticulato
2108 842 2242 888 opere

190 897 444 958 exsculptis.

226 1016 232 1021 t
316 978 392 1039 EJ.
436 976 736 1036 Ohfh›·vati0ns
746 976 825 1036 fiir
845 976 901 1023 les
918 993 1033 1035 yeux
1057 974 1109 1021 de
1133 973 1280 1019 divers
1302 973 1473 1031 infestes
1504 971 1561 1028 ἓξ
1581 972 1663 1032 fier
1692 974 1736 1020 la
1759 986 1924 1035 trompe
1949 970 2020 1020 des
2034 970 2244 1036 papiffons

190 1044 322 1103 Lyon
350 1047 480 1099 1706.
511 1040 590 1095 8.*
652 1042 782 1087 Prior
808 1041 991 1101 epistola
1008 1038 1093 1092 est,
1130 1053 1231 1098 quae
1249 1037 1420 1097 prodiit
1438 1038 1487 1082 in
1507 1039 1699 1091 Journal
1717 1038 1788 1083 des
1808 1041 1990 1086 Savans.
2058 1039 2113 1084 In
2138 1039 2247 1084 alte-

189 1123 238 1153 ra
260 1106 478 1166 imagines
507 1105 788 1157 obiectorum
822 1115 1104 1150 remotorum
1125 1102 1175 1147 in
1208 1101 1354 1147 retina
1382 1098 1659 1148 insectorum
1679 1101 1870 1147 distante
1891 1101 2076 1162 depingi
2096 1101 2244 1148 docet.

190 1171 263 1216 De
297 1169 441 1216 oculis
474 1169 728 1228 minoribus
763 1165 1062 1219 insectorum,
1099 1166 1251 1210 minus
1290 1176 1495 1210 accurate
1527 1164 1700 1225 objecta
1732 1165 2042 1211 reddentibus.
2134 1165 2248 1212 Non

191 1231 334 1295 poffe,
372 1244 427 1279 ut
447 1234 571 1292 prius
594 1234 662 1278 vir
683 1233 752 1278 Cl.
778 1243 1039 1291 putaverat,
1084 1228 1304 1288 imagines
1339 1243 1417 1287 per
1439 1239 1510 1273 tot
1546 1244 1732 1275 corneas
1761 1229 1938 1275 tunicas
1964 1240 2160 1288 receptas
2197 1229 2249 1275 in

190 1314 287 1344 uno
313 1299 483 1357 pune'to
509 1296 645 1342 uniri.
713 1295 1065 1342 Multitudinem
1085 1293 1277 1339 lentium
1308 1289 1466 1343 facere,
1496 1302 1549 1337 ut
1577 1290 1743 1338 insecta
1769 1292 1973 1352 undique
1997 1293 2251 1352 circumpo-

193 1360 275 1408 fita
298 1360 472 1420 objecta
496 1360 758 1419 percipiant.
828 1359 1020 1418 Aliquot
1045 1358 1094 1402 in
1118 1356 1279 1402 libellae
1303 1355 1437 1400 oculo
1453 1356 1735 1402 membranas
1757 1355 1978 1402 distinxit.
2023 1353 2252 1404 Insectum

192 1424 377 1472 unicam
408 1424 651 1483 imaginem
684 1422 924 1483 percipere.
994 1421 1063 1468 Ad
1098 1417 1408 1479 proboscidem
1443 1419 1700 1477 papilionis.
1766 1420 1920 1480 Negat
1955 1417 2139 1465 succum
2175 1420 2253 1466 ali-

194 1504 329 1549 quem
367 1488 627 1539 continere‚
674 1498 754 1532 aut
778 1486 949 1546 ubique
978 1482 1173 1531 clausam
1203 1480 1298 1528 effe.
1365 1480 1479 1528 Inde
1508 1483 1719 1529 correctis
1745 1483 1998 1543 prioribus,
2051 1484 2252 1529 canalem

196 1551 277 1599 effe
294 1551 591 1612 bipartitum,
627 1552 670 1597 &
696 1551 839 1596 altero
867 1550 1030 1596 tubulo
1059 1545 1245 1594 succum
1273 1543 1475 1598 sorbere,
1499 1547 1641 1593 altero
1661 1546 1942 1607 aliquamdiu
1967 1543 2249 1594 conservare.

194 1617 243 1665 N
246 1632 353 1662 ervo
376 1614 582 1675 undique
609 1613 824 1675 percurri.

327 1695 572 1758 Epistolam
591 1695 643 1742 de
651 1696 787 1757 serico
811 1711 1072 1742 aranearum
1098 1710 1201 1741 eum
1234 1694 1360 1741 BONI
1390 1690 1610 1755 opusculo
1631 1692 1773 1740 edidit
1804 1689 1939 1740 Paris.
1964 1705 1978 1737 1
1988 1691 2191 1751 710831ς

633 1796 1193 1880 §.DchxXx111.
1293 1823 1336 1885 J.
1368 1822 1420 1868 c,
1455 1822 1676 1868 secur.
1752 1822 1883 1868 Am.

329 1927 376 1978 J.
405 1921 597 1971 Corwadi
619 1922 842 1972 BECKER‚
881 1919 1043 1965 medici
1067 1916 1286 1972 Haffiaci,
1336 1918 1389 1964 de
1407 1918 1718 1978 fizbmersorum
1745 1930 1881 1964 morte
1896 1917 1987 1976 fine
2009 1928 2121 1979 potu
2147 1931 2259 1978 aqua

204 1985 336 2034 Gieff.
359 1999 491 2044 1704.
514 1984 592 2039 8.*
624 1987 665 2032 ἅ
689 1981 912 2044 copiosius·
927 1984 1028 2044 Jen.
1049 1994 1183 2039 1720.
1204 1981 1287 2042 4*
1321 1983 1548 2028 Animalia
1573 1980 1654 2027 sub
1677 1997 1815 2041 aquas
1835 1980 1991 2034 mersa,
2029 1979 2261 2026 homines-

202 2067 282 2104 ve,
315 2052 487 2096 nulla-m
501 2051 552 2095 in
569 2049 823 2095 ventriculo
850 2048 1114 2108 nullamque
1129 2047 1180 2094 in
1199 2048 1417 2108 pulmone
1441 2061 1603 2105 aquam
1617 2043 1793 2091 habere.
1862 2045 2104 2107 Repetitur
2122 2045 2262 2093 etiam.

204 2116 253 2163 in
274 2115 568 2161 VALENUNI
592 2113 772 2159 novellis.

339 2195 558 2256 Subjediae
587 2191 695 2240 sunt
716 2194 767 2240 in
788 2193 986 2239 editione
1010 2204 1147 2252 1704.
1171 2192 1489 2239 adnotationes
1518 2191 1710 2238 rariores
1731 2224 1743 2244 ,
1765 2201 1832 2237 eut
1857 2190 1977 2238 renis
1998 2189 2139 2237 unici.

339 2277 414 2337 EJ.
448 2275 712 2323 Paedorfflonia
735 2274 955 2336 inculpata
990 2273 1277 2332 Giesst1729.
1297 2271 1379 2332 4*
1445 2274 1601 2319 Atreta
1624 2289 1678 2319 ex
1707 2269 1879 2319 infelici
1899 2270 2002 2319 casu
2030 2270 2262 2331 concepit,

212 2352 264 2387 ut
284 2341 334 2386 in
359 2338 454 2400 ipso
479 2352 609 2400 partu
630 2339 840 2400 vaginam
866 2339 1014 2384 cultro
1037 2338 1208 2397 aperire
1230 2335 1395 2383 neceffe
1420 2333 1571 2383 fuerit.
1639 2334 1746 2383 Offa
1775 2336 1907 2396 pubis
1936 2336 1986 2381 in
2023 2348 2153 2396 partu
2180 2331 2266 2379 dis-

213 2403 365 2450 cedere
392 2419 469 2463 per
498 2403 856 2463 experimentum
887 2400 1142 2448 Confirmat.
1212 2403 1332 2458 Qae
1354 2417 1432 2461 per
1454 2400 1686 2462 angustam
1712 2401 1876 2446 rimam
1898 2399 2170 2459 conceperit.

342 2484 385 2545 J.
408 2485 620 2531 RULEAU
649 2485 701 2529 in
731 2484 759 2529 l.
791 2482 921 2529 d‘une
939 2482 1096 2541 [εὲῗίοη
1131 2482 1378 2542 Cesarienne
1410 2482 1530 2528 Paris
1561 2470 1691 2539 1704.
1716 2480 1828 2527 1231*
1863 2493 1996 2538 1710.
2025 2491 2094 2526 12.
2132 2477 2268 2524 habet

213 2547 349 2594 ctiam
384 2548 580 2608 aliquam
610 2547 732 2593 uteri
762 2560 1030 2599 anatomen,
1068 2548 1110 2592 &
1142 2562 1337 2592 ovorum
1357 2544 1636 2591 femininum
1657 2561 1735 2604 per
1763 2556 1945 2590 uterum
1974 2542 2266 2603 rejetstiones,

211 2609 446 2720 sangfguinis
461 2610 676 2720 menstrui
684 2626 764 2671 per
785 2611 1092 2658 ventriculum
1105 2612 1146 2656 &
1158 2610 1421 2670 pulmonem
1442 2609 1818 2671 expurgationem
1838 2627 1853 2662 3
1894 2610 1935 2655 δι
1948 2607 2001 2654 de
2011 2604 2267 2668 generatio-

212 2690 270 2721 ne
312 2688 414 2722 etus
443 2691 468 2720 a
488 2690 609 2734 iqua.

341 2756 553 2803 Ludo-vici
579 2755 863 2804 WlNSLOW
898 2759 1043 2802 anima
1063 2754 1204 2801 locata
1235 2749 1375 2802 Hafn.
1398 2767 1530 2814 1704.
1554 2752 1638 2814 4*
1679 2759 1810 2812 1708.
1843 2759 1886 2807 8.

345 2841 580 2884 Ratiocinii
613 2835 840 2885 mechanici
869 2843 913 2883 in
946 2837 1153 2883 medicina
1194 2836 1335 2895 abufiu·
1369 2835 1428 2893 85
1470 2841 1719 2898 impotentia
1765 2834 1971 2893 friburg.
2009 2843 2142 2892 1704.
2181 2838 2224 2886 8.
2244 2833 2273 2864 ’⁸

218 2913 357 2960 1719.
385 2901 461 2954 8.*
533 2902 706 2948 Contra
734 2903 896 2962 optimi
917 2904 1239 2950 BOERHAAvn
1269 2901 1548 2955 orationem,
1587 2899 1787 2960 ejusdcm
1821 2896 1914 2946 fere
1942 2898 2094 2951 tituli,
2129 2893 2271 2956 asper-

217 2965 385 3012 timum
412 2962 629 3026 scriptum
654 2967 695 3014 &
721 2966 900 3013 inutile.

1312 3042 1353 3092 C
1386 3053 1411 3101 3
2152 3041 2274 3087 Petri
