2531 3394
248 76 348 172 a46
483 144 495 148 -
651 109 787 160 rm.
835 110 930 159 ix.
993 102 1403 158 ANATOMES
1451 106 1892 161 PERFEcno.

249 242 492 290 FUENTES
509 257 546 301 y
570 240 750 289 CRRDA
776 241 956 288 medicos
983 239 1164 287 Murcia
1184 249 1320 296 1731.
1346 235 1425 292 8.*
1490 238 1567 286 Lis
1581 250 1688 286 nata
1706 252 1803 287 erat
1820 241 1879 288 ob
1891 240 2130 290 confilium
2148 259 2174 290 a
2195 242 2307 291 duo-

249 307 337 353 bus
362 305 547 353 medicis
569 301 900 353 Malacenfibus
915 338 929 358 ,
968 303 1043 349 hic
1066 303 1331 356 nominatis,
1361 301 1534 357 datum,
1569 319 1594 349 a
1618 320 1710 363 quo
1731 304 1881 351 noster
1906 305 2186 355 dissenserat:
2238 324 2306 354 re-

247 368 526 430 sponderant
549 370 642 416 duo
665 369 835 416 sodales
854 370 902 414 in
931 367 1116 433 Cartilla
1138 367 1394 428 apologetica
1417 366 1492 413 hio
1517 366 1695 426 excusa,
1727 369 1770 414 ἃ
1797 367 1946 415 noster
1968 368 2012 416 se
2036 370 2238 419 defendit
2254 373 2306 418 in
2327 369 2350 403 Ἃ

256 432 431 482 Verdoed
451 432 753 495 triumphante.
821 433 894 478 Illi
915 429 1113 477 secundo
1129 430 1426 490 reposuerant
1443 431 1482 476 el
1499 430 1781 493 defhrtzpenno,
1805 434 1846 478 ἃ
1867 432 2016 478 noster
2040 435 2205 481 iterum
2235 452 2304 482 re-

249 496 457 558 spondet‚
488 498 606 559 poffe
636 513 739 544 cum
763 507 1119 555 temperamento
1146 492 1334 555 simplici
1358 494 1576 554 pituitoso
1598 495 1809 542 habitum
1834 494 2076 556 slmplicem
2111 500 2305 559 conjun-

249 562 327 624 gi,
375 564 416 609 &
445 564 589 608 multa
622 561 674 607 de
704 559 1069 619 temperamentis
1106 559 1307 619 colligit,
1357 557 1450 604 fere
1480 560 1763 607 GALENICA.
1851 560 1974 606 Idem
2016 577 2152 620 aquas
2183 561 2304 610 ther-

246 622 508 672 males‘non
537 625 718 686 quidem
749 620 949 683 specifice
977 623 1138 668 morbo
1173 624 1333 682 gallico
1364 621 1566 677 mederi,
1615 635 1766 670 tamen
1798 623 1853 670 ad
1891 625 2037 678 mala,
2074 640 2174 684 quae
2199 642 2304 673 eum

248 690 461 737 morbum
487 687 762 749 sequuntur,
806 702 830 731 a
854 683 1024 731 viscido
1057 687 1099 732 ἃ
1133 688 1258 732 lento
1285 684 1478 732 humore
1506 699 1627 740 nata,
1657 686 1854 748 prodeffe
1880 699 2025 747 putat.
2094 689 2232 734 Recte
2257 687 2302 736 se

247 753 443 814 denique
464 751 704 800 rarefadtos
722 750 908 796 tubulos
929 748 1097 797 dixiffe.
1162 749 1297 798 Nihil
1327 750 1457 797 valde
1483 751 1611 798 utilis
1638 753 1681 798 &
1702 752 1874 812 proprii
1899 750 2063 804 habet,
2100 753 2143 799 &
2173 768 2304 813 argu-

244 830 452 864 mentum
474 817 624 876 potius
650 815 864 860 clinicum
889 813 964 860 est.

377 896 600 956 Francesco
614 897 819 943 Somno
837 894 888 941 de
900 896 1100 950 LUQUES
1117 896 1237 958 Lapzk
1247 894 1389 956 lydius
1401 896 1612 958 Apollinis
1634 895 1807 943 Madrit
1826 909 1958 955 1731.
1980 894 2060 944 fol.
2128 898 2302 960 EJUSD.

253 966 408 1025 Origen
425 961 606 1020 morbosb
622 977 770 1006 comun
782 976 815 1019 y
830 960 1269 1022 univerfizlgravante
1281 960 1332 1006 de
1345 960 1406 1007 los
1420 959 1656 1007 accidentes
1667 959 1924 1021 todossbgun
1948 961 1992 1007 la
2013 961 2206 1008 άοέἶνίηιι
2231 962 2305 1009 del

239 1026 410 1089 grande
424 1030 684 1086 Hippocrate
709 1024 890 1084 Malaga
908 1029 1043 1082 1718.
1060 1030 1100 1078 3.
1160 1024 1340 1083 Lapidis
1356 1024 1504 1084 Lydii,
1525 1023 1637 1070 vasti
1654 1024 1774 1078 libri,
1797 1024 2118 1085 compendium
2131 1024 2302 1086 scripsit

244 1089 430 1145 Jacbbus
442 1091 486 1135 N
494 1102 657 1140 JHELL,
690 1087 898 1134 Medicus
916 1089 1088 1148 Anglus
1108 1087 1157 1133 in
1168 1085 1388 1148 Hispania
1400 1089 1563 1147 praxin
1574 1086 1778 1142 secutus,
1803 1105 1908 1134 cum
1933 1089 2070 1135 titulo
2087 1094 2198 1135 New
2210 1089 2302 1136 and

243 1152 576 1212 extraordinary
599 1151 886 1211 ohservations
901 1156 1152 1213 concerning
1180 1150 1249 1198 the
1266 1151 1507 1213 predie‘lion
1534 1151 1588 1212 of
1613 1153 1740 1212 crzses
1772 1153 1825 1212 by
1859 1151 1928 1198 the
1950 1152 2067 1214 pztlse
2101 1154 2299 1200 London

248 1230 383 1277 1745.
413 1222 487 1270 8.*
554 1217 727 1262 Gallice
755 1227 960 1262 vertente
990 1217 1032 1262 Ia
1056 1216 1303 1271 VlROT'rE
1340 1216 1463 1262 Paris
1489 1223 1624 1274 1748.
1668 1226 1736 1262 12.
1805 1217 1918 1262 Tres
1943 1216 2097 1277 pulsus
2119 1218 2299 1265 criticos

243 1282 444 1334 invenit,
492 1280 715 1327 dicrotum
730 1310 740 1326 2
776 1277 866 1325 five
888 1280 1177 1326 micationem
1202 1278 1353 1325 subito
1373 1280 1610 1340 repetitam
1625 1310 1636 1326 2
1667 1296 1768 1340 quae
1791 1277 2166 1340 haemorrhagian]
2191 1298 2302 1341 prae-

242 1345 381 1406 sagit,
428 1345 809 1391 intermittentem
829 1341 1009 1404 pulsum
1033 1345 1114 1403 qui
1138 1342 1407 1389 diarrhoeam
1423 1378 1436 1397 ‚
1480 1346 1521 1390 ὃς
1546 1344 1783 1390 inciduum
1798 1377 1812 1396 ‚
1847 1345 1897 1390 in
1917 1361 2009 1404 quo
2035 1345 2178 1391 robur
2200 1347 2296 1406 pul-

241 1407 315 1456 sus
342 1409 562 1469 cujusque
588 1409 728 1454 robur
752 1408 913 1468 prioris
943 1405 1148 1468 superat,
1196 1408 1276 1467 qui
1311 1406 1403 1467 ipse
1437 1406 1648 1454 sudorem
1675 1408 1859 1454 indicat.
1929 1408 2068 1455 Addit
2092 1407 2192 1455 suas
2223 1409 2298 1455 ad-

239 1474 503 1519 notationes
536 1473 745 1519 NIHELL
789 1469 895 1518 satis
928 1488 1032 1518 eum
1069 1473 1381 1519 SOLAN1ANIS
1416 1473 1757 1518 convenientes.
1858 1472 2019 1519 Latine
2056 1473 2196 1519 vertit
2237 1474 2297 1520 G.

239 1537 595 1585 NOORTWYCK
627 1534 906 1583 Amsterdam
930 1542 1064 1594 1746.
1093 1533 1172 1590 8.*
1239 1534 1400 1582 Fusius
1433 1536 1487 1581 de
1508 1535 1601 1582 istis
1626 1536 1676 1582 in
1701 1536 1908 1596 practicis
1940 1536 2154 1583 dicemus.

372 1618 557 1667 Gottlieb
577 1618 746 1666 BUDAEI
764 1652 778 1672 ,
812 1617 984 1664 Medici
1010 1615 1191 1671 Lusati,
1229 1617 1488 1676 miscellanea
1513 1617 1670 1664 medico
1696 1615 1940 1679 chirurgica
1957 1652 1969 1671 ‚
2004 1618 2200 1679 praeiica
2234 1616 2295 1674 ἓξ

227 1681 418 1745 forensia
447 1684 500 1730 T.
520 1683 554 1729 Ι.
577 1684 735 1730 Gorliz
752 1694 886 1738 1731.
912 1680 994 1740 4*
1027 1682 1082 1728 T.
1103 1682 1163 1727 ΙΙ.
1187 1694 1320 1740 1732.
1334 1680 1416 1740 4.*
1449 1682 1601 1729 T.III.
1625 1682 1857 1741 1733.4.*
1891 1682 1946 1729 T.
1964 1683 2045 1729 IV.
2065 1687 2294 1742 17334*

239 1745 406 1793 Casus,
439 1748 518 1808 qui
550 1747 768 1793 dicuntur
793 1746 969 1792 medico
995 1747 1182 1805 legales,
1218 1746 1471 1806 antiquitus
1505 1747 1679 1791 collecti
1697 1764 1712 1798 3
1759 1744 2000 1794 incisiones
2024 1746 2295 1793 cadaverum

239 1808 518 1857 occisorum:
554 1811 607 1857 de
635 1809 769 1872 lignis
802 1810 1105 1870 virginitatis,
1142 1810 1253 1856 ladie
1281 1809 1544 1863 nutricum,
1581 1820 1785 1870 tempore
1818 1822 1974 1871 partus
2010 1810 2126 1869 (ubi
2153 1808 2292 1857 serne-

237 1872 336 1920 stris
358 1891 438 1934 pro
464 1875 664 1936 legitimo
694 1873 997 1932 admittitur.)

365 1960 461 2011 Jac.
487 1955 618 2003 Mich.
638 1957 906 2004 KORNMAN
923 1953 1287 2017 lybclfi-n'o'thiger
1306 1953 1556 2004 Unterricht
1575 1971 1661 2001 von
1687 1953 1765 2001 der
1787 1954 1951 2003 Geburt
1975 1955 2047 2002 des
2064 1953 2292 2014 Menschen

237 2018 403 2068 Erfurt
422 2032 553 2078 1731.
581 2023 654 2074 83*
721 2020 942 2066 Continet
965 2020 1160 2079 aliquam
1192 2022 1388 2079 partium
1415 2020 1683 2081 genitalium
1710 2032 1968 2066 anatomen.

365 2105 414 2156 J.
442 2105 578 2163 Georg
596 2103 820 2149 MAURER
858 2100 1132 2150 Vademecum
1164 2098 1480 2162 chirurgicum,
1519 2125 1582 2134 -—-
1618 2101 1727 2161 nebst
1746 2105 1875 2148 einem
1885 2099 2073 2164 Anhang
2094 2117 2181 2149 von
2196 2101 2292 2149 dem

238 2167 396 2214 rirculo
415 2164 634 2226 sanguim}
668 2163 977 2213 Schafhausen
1000 2176 1134 2223 1731.
1162 2170 1201 2218 8.
1239 2166 1404 2213 GUNZ.

369 2243 532 2307 Groffis
564 2246 811 2306 Univerfizl-
828 2250 1012 2293 Lexicon
1041 2247 1142 2293 aller
1157 2248 1313 2308 Kiinste
1332 2246 1424 2294 und
1447 2252 1509 2295 W
1507 2245 1794 2310 zffi‘nschaften
1826 2246 2011 2309 Leipzig
2040 2258 2155 2307 1731
2171 2279 2187 2287 -
2206 2259 2284 2308 49.

232 2307 313 2359 fol.
349 2310 536 2369 64.Vol.
573 2311 708 2357 etiam
733 2309 788 2356 ad
814 2322 1074 2358 anatomen.

692 2442 735 2494 5,
767 2440 811 2486 D
826 2439 1133 2489 CCCCLV.
1201 2440 1385 2491 Eleazar
1414 2442 1651 2489 ALBINUS.
1719 2444 1829 2489 Alii.

359 2537 563 2590 meroris,
594 2536 780 2583 natural
801 2534 954 2596 history
971 2538 1024 2597 of
1035 2538 1155 2584 birds
1181 2536 1284 2584 with
1310 2550 1425 2585 notes
1443 2539 1496 2600 ⁰f
1519 2544 1589 2586 W.
1615 2540 1847 2587 DERHAM
1885 2539 2083 2587 London
2100 2539 2284 2588 Toml.

237 2612 371 2661 1731.
393 2614 438 2660 4.
474 2601 605 2648 Tom.
623 2601 682 2647 II.
710 2606 845 2658 1738.
873 2613 917 2658 4.
959 2602 1251 2661 Supplement
1273 2616 1406 2661 1740.
1428 2615 1474 2661 4.
1499 2604 1672 2650 Tnew.
1715 2604 1914 2664 VGallice
1938 2605 1979 2650 la
1994 2605 2125 2663 Haye
2142 2616 2277 2661 1750.

233 2666 389 2721 3.Vol.
414 2663 495 2724 4.*
526 2680 630 2711 cum
658 2664 776 2710 vivis
797 2663 1039 2710 coloribus.
1108 2667 1274 2713 Avium
1305 2678 1549 2713 anatomen
1573 2679 1689 2714 certe
1712 2668 1905 2727 aliquam
1929 2667 2097 2725 ubique
2124 2667 2277 2721 tradit,

228 2730 485 2782 ventriculi,
513 2727 828 2775 intestinorum
842 2760 856 2780 ,
889 2728 930 2773 &
948 2729 1214 2786 appendices
1235 2746 1369 2777 caecas
1384 2749 1402 2782 5
1434 2732 1667 2792 laryngem
1688 2729 1950 2777 inferiorem
1970 2730 2123 2776 avium
2142 2747 2278 2792 aqua-

228 2791 421 2840 ticarum
438 2827 452 2845 ,
485 2791 597 2854 saepe
627 2803 780 2838 tamen
804 2806 859 2837 ex
881 2791 930 2837 F.
952 2792 1340 2840 Wirrouonnv.

358 2876 405 2926 J.
426 2876 544 2935 Bapt.
562 2875 739 2921 LABAT
753 2907 767 2927 ‚
797 2872 1132 2933 peregrinator:
1169 2872 1326 2920 Paffirn
1349 2876 1498 2934 aliqua
1511 2873 1686 2922 confert
1697 2874 1753 2920 ad
1766 2873 1995 2920 historiam
2006 2876 2276 2925 naturalem.

225 2936 285 2987 In
296 2951 456 3000 voyage
467 2938 641 2988 d’ltalze
656 2935 714 2996 ἓξ
728 2936 958 3002 d’Espagne
980 2937 1100 2987 Paris
1120 2948 1255 2995 1731.
1288 2950 1306 2982 1
1316 2937 1393 2989 Q*
1410 2941 1462 2987 de
1475 2939 1767 2988 cadaveribus
1786 2937 2025 2988 Tolosanis
2037 2939 2277 3012 incorrup-

2213 3015 2276 3052 tis
