<?xml version="1.0" encoding="UTF-8"?>
<!DOCTYPE html PUBLIC "-//W3C//DTD XHTML 1.0 Transitional//EN"
    "http://www.w3.org/TR/xhtml1/DTD/xhtml1-transitional.dtd">
<html xmlns="http://www.w3.org/1999/xhtml" xml:lang="en" lang="en">
 <head>
  <title>
</title>
<meta http-equiv="Content-Type" content="text/html;charset=utf-8" />
  <meta name='ocr-system' content='tesseract 3.04.00' />
  <meta name='ocr-capabilities' content='ocr_page ocr_carea ocr_par ocr_line ocrx_word'/>
</head>
<body>
  <div class='ocr_page' id='page_1' title='image "bibliothecaanato02hall_0303.png"; bbox 0 0 2531 3394; ppageno 0'>
   <div class='ocr_carea' id='block_1_1' title="bbox 807 16 827 26">
    <p class='ocr_par' dir='ltr' id='par_1_1' title="bbox 807 16 827 26">
     <span class='ocr_line' id='line_1_1' title="bbox 807 16 827 26; baseline 0 -2"><span class='ocrx_word' id='word_1_1' title='bbox 807 16 827 26; x_wconf 75' lang='lat' dir='ltr'><strong>e·</strong></span> 
     </span>
    </p>
   </div>
   <div class='ocr_carea' id='block_1_2' title="bbox 684 92 2282 161">
    <p class='ocr_par' dir='ltr' id='par_1_2' title="bbox 684 92 2282 161">
     <span class='ocr_line' id='line_1_2' title="bbox 684 92 2282 161; baseline -0.002 -13"><span class='ocrx_word' id='word_1_2' title='bbox 684 93 732 159; x_wconf 75' lang='grc' dir='ltr'><strong>ς.</strong></span> <span class='ocrx_word' id='word_1_3' title='bbox 766 107 863 160; x_wconf 78' lang='lat'><strong>992</strong></span> <span class='ocrx_word' id='word_1_4' title='bbox 886 95 948 135; x_wconf 66' lang='lat'><strong>2:</strong></span> <span class='ocrx_word' id='word_1_5' title='bbox 978 108 1087 161; x_wconf 78' lang='lat'><strong>994.</strong></span> <span class='ocrx_word' id='word_1_6' title='bbox 1152 92 1594 148; x_wconf 78' lang='lat' dir='ltr'><strong>HANOWIUS.</strong></span> <span class='ocrx_word' id='word_1_7' title='bbox 1663 93 1831 148; x_wconf 62' lang='grc' dir='ltr'><strong>ΑΕΗ,</strong></span> <span class='ocrx_word' id='word_1_8' title='bbox 2192 105 2282 154; x_wconf 79' lang='lat'><strong>293</strong></span> 
     </span>
    </p>
   </div>
   <div class='ocr_carea' id='block_1_3' title="bbox 234 228 2287 427">
    <p class='ocr_par' dir='ltr' id='par_1_3' title="bbox 234 228 2287 427">
     <span class='ocr_line' id='line_1_3' title="bbox 235 228 2286 293; baseline -0.004 -11"><span class='ocrx_word' id='word_1_9' title='bbox 235 232 362 285; x_wconf 82' lang='lat' dir='ltr'><strong>ribus</strong></span> <span class='ocrx_word' id='word_1_10' title='bbox 388 240 568 281; x_wconf 71' lang='lat' dir='ltr'><strong>exercet</strong></span> <span class='ocrx_word' id='word_1_11' title='bbox 584 266 596 286; x_wconf 92' lang='lat'>‚</span> <span class='ocrx_word' id='word_1_12' title='bbox 633 246 711 293; x_wconf 83' lang='lat' dir='ltr'><strong>per</strong></span> <span class='ocrx_word' id='word_1_13' title='bbox 736 232 1042 293; x_wconf 85' lang='lat' dir='ltr'><strong>experimenta</strong></span> <span class='ocrx_word' id='word_1_14' title='bbox 1066 229 1329 281; x_wconf 78' lang='lat' dir='ltr'><strong>aestimavit,</strong></span> <span class='ocrx_word' id='word_1_15' title='bbox 1361 237 1599 288; x_wconf 89' lang='lat' dir='ltr'><strong>argentum</strong></span> <span class='ocrx_word' id='word_1_16' title='bbox 1624 242 1786 287; x_wconf 81' lang='lat' dir='ltr'>nempe</span> <span class='ocrx_word' id='word_1_17' title='bbox 1805 229 1962 274; x_wconf 88' lang='lat' dir='ltr'><strong>vivum</strong></span> <span class='ocrx_word' id='word_1_18' title='bbox 1989 228 2038 275; x_wconf 82' lang='lat' dir='ltr'><strong>in</strong></span> <span class='ocrx_word' id='word_1_19' title='bbox 2069 229 2286 278; x_wconf 80' lang='lat' dir='ltr'><strong>tubulum</strong></span> 
     </span>
     <span class='ocr_line' id='line_1_4' title="bbox 234 291 2287 359; baseline -0.004 -13"><span class='ocrx_word' id='word_1_20' title='bbox 234 299 346 346; x_wconf 85' lang='lat' dir='ltr'><strong>flatu</strong></span> <span class='ocrx_word' id='word_1_21' title='bbox 369 299 518 359; x_wconf 82' lang='lat' dir='ltr'><strong>coegit</strong></span> <span class='ocrx_word' id='word_1_22' title='bbox 548 299 832 358; x_wconf 88' lang='lat' dir='ltr'><strong>promoveri,</strong></span> <span class='ocrx_word' id='word_1_23' title='bbox 867 299 930 343; x_wconf 86' lang='lat' dir='ltr'><strong>ita</strong></span> <span class='ocrx_word' id='word_1_24' title='bbox 958 292 1185 347; x_wconf 84' lang='lat' dir='ltr'><strong>confecit,</strong></span> <span class='ocrx_word' id='word_1_25' title='bbox 1219 293 1315 340; x_wconf 88' lang='lat' dir='ltr'><strong>vim</strong></span> <span class='ocrx_word' id='word_1_26' title='bbox 1348 291 1483 339; x_wconf 83' lang='lat' dir='ltr'><strong>flatus</strong></span> <span class='ocrx_word' id='word_1_27' title='bbox 1516 293 1659 339; x_wconf 77' lang='lat' dir='ltr'>tertiae</span> <span class='ocrx_word' id='word_1_28' title='bbox 1696 292 1738 337; x_wconf 88' lang='lat'>&amp;</span> <span class='ocrx_word' id='word_1_29' title='bbox 1764 291 1935 352; x_wconf 72' lang='lat' dir='ltr'><strong>quintae</strong></span> <span class='ocrx_word' id='word_1_30' title='bbox 1963 294 2080 352; x_wconf 78' lang='lat' dir='ltr'><strong>parti</strong></span> <span class='ocrx_word' id='word_1_31' title='bbox 2107 291 2287 355; x_wconf 86' lang='lat' dir='ltr'><strong>preffio-</strong></span> 
     </span>
     <span class='ocr_line' id='line_1_5' title="bbox 234 358 1027 427; baseline -0.005 -17"><span class='ocrx_word' id='word_1_32' title='bbox 234 363 308 427; x_wconf 70' lang='lat' dir='ltr'><strong>nis</strong></span> <span class='ocrx_word' id='word_1_33' title='bbox 342 359 650 423; x_wconf 82' lang='lat' dir='ltr'><strong>atmosphaerae</strong></span> <span class='ocrx_word' id='word_1_34' title='bbox 681 361 901 422; x_wconf 80' lang='lat' dir='ltr'><strong>aequalem</strong></span> <span class='ocrx_word' id='word_1_35' title='bbox 930 358 1027 406; x_wconf 75' lang='lat' dir='ltr'><strong>effe.</strong></span> 
     </span>
    </p>
   </div>
   <div class='ocr_carea' id='block_1_4' title="bbox 232 433 2296 949">
    <p class='ocr_par' dir='ltr' id='par_1_4' title="bbox 232 433 2296 949">
     <span class='ocr_line' id='line_1_6' title="bbox 359 433 2284 505; baseline -0.003 -14"><span class='ocrx_word' id='word_1_36' title='bbox 359 438 724 505; x_wconf 77' lang='lat' dir='ltr'><strong>Deindephyfices</strong></span> <span class='ocrx_word' id='word_1_37' title='bbox 734 442 936 489; x_wconf 84' lang='lat' dir='ltr'><strong>elementa</strong></span> <span class='ocrx_word' id='word_1_38' title='bbox 947 440 1059 487; x_wconf 85' lang='lat' dir='ltr'><strong>Wo</strong></span> <span class='ocrx_word' id='word_1_39' title='bbox 1068 450 1251 486; x_wconf 71' lang='lat' dir='ltr'>LFIANA</span> <span class='ocrx_word' id='word_1_40' title='bbox 1267 433 1541 499; x_wconf 81' lang='lat' dir='ltr'><strong>perficienda</strong></span> <span class='ocrx_word' id='word_1_41' title='bbox 1552 433 1761 497; x_wconf 85' lang='lat' dir='ltr'><strong>suscepit.</strong></span> <span class='ocrx_word' id='word_1_42' title='bbox 1828 435 1999 483; x_wconf 86' lang='lat' dir='ltr'><strong>Eorum</strong></span> <span class='ocrx_word' id='word_1_43' title='bbox 2012 436 2185 485; x_wconf 89' lang='lat' dir='ltr'><strong>Tomus</strong></span> <span class='ocrx_word' id='word_1_44' title='bbox 2198 438 2284 485; x_wconf 85' lang='lat' dir='ltr'><strong>IV.</strong></span> 
     </span>
     <span class='ocr_line' id='line_1_7' title="bbox 236 500 2289 565; baseline -0.003 -10"><span class='ocrx_word' id='word_1_45' title='bbox 236 503 271 554; x_wconf 85' lang='lat' dir='ltr'><strong>s.</strong></span> <span class='ocrx_word' id='word_1_46' title='bbox 298 507 489 554; x_wconf 85' lang='lat' dir='ltr'><strong>ultimus</strong></span> <span class='ocrx_word' id='word_1_47' title='bbox 519 508 795 565; x_wconf 81' lang='lat' dir='ltr'><strong>Hall.1758.</strong></span> <span class='ocrx_word' id='word_1_48' title='bbox 813 503 896 564; x_wconf 64' lang='grc'><strong>4.*</strong></span> <span class='ocrx_word' id='word_1_49' title='bbox 923 503 1118 564; x_wconf 89' lang='lat' dir='ltr'><strong>prodiit,</strong></span> <span class='ocrx_word' id='word_1_50' title='bbox 1155 519 1248 563; x_wconf 93' lang='lat' dir='ltr'><strong>quo</strong></span> <span class='ocrx_word' id='word_1_51' title='bbox 1283 503 1375 564; x_wconf 85' lang='lat' dir='ltr'><strong>egit</strong></span> <span class='ocrx_word' id='word_1_52' title='bbox 1405 502 1459 548; x_wconf 88' lang='lat' dir='ltr'><strong>de</strong></span> <span class='ocrx_word' id='word_1_53' title='bbox 1487 518 1628 562; x_wconf 84' lang='lat' dir='ltr'><strong>regno</strong></span> <span class='ocrx_word' id='word_1_54' title='bbox 1657 501 1855 548; x_wconf 86' lang='lat' dir='ltr'><strong>animali.</strong></span> <span class='ocrx_word' id='word_1_55' title='bbox 1921 500 2132 547; x_wconf 83' lang='lat' dir='ltr'>Animam</span> <span class='ocrx_word' id='word_1_56' title='bbox 2160 513 2289 560; x_wconf 87' lang='lat' dir='ltr'><strong>putat</strong></span> 
     </span>
     <span class='ocr_line' id='line_1_8' title="bbox 234 562 2288 632; baseline -0.005 -15"><span class='ocrx_word' id='word_1_57' title='bbox 234 588 398 632; x_wconf 89' lang='lat' dir='ltr'><strong>corpus</strong></span> <span class='ocrx_word' id='word_1_58' title='bbox 428 587 578 631; x_wconf 85' lang='lat' dir='ltr'><strong>regere</strong></span> <span class='ocrx_word' id='word_1_59' title='bbox 600 573 643 618; x_wconf 88' lang='lat'>&amp;</span> <span class='ocrx_word' id='word_1_60' title='bbox 668 570 848 616; x_wconf 87' lang='lat' dir='ltr'><strong>struere.</strong></span> <span class='ocrx_word' id='word_1_61' title='bbox 915 566 1192 622; x_wconf 82' lang='lat' dir='ltr'><strong>Irritabilem</strong></span> <span class='ocrx_word' id='word_1_62' title='bbox 1214 579 1423 613; x_wconf 85' lang='lat' dir='ltr'><strong>naturam</strong></span> <span class='ocrx_word' id='word_1_63' title='bbox 1449 564 1624 626; x_wconf 87' lang='lat' dir='ltr'><strong>separat</strong></span> <span class='ocrx_word' id='word_1_64' title='bbox 1647 581 1673 611; x_wconf 84' lang='lat' dir='ltr'><strong>a</strong></span> <span class='ocrx_word' id='word_1_65' title='bbox 1696 562 1945 618; x_wconf 89' lang='lat' dir='ltr'><strong>sentiente,</strong></span> <span class='ocrx_word' id='word_1_66' title='bbox 1979 567 2019 610; x_wconf 86' lang='lat'>&amp;</span> <span class='ocrx_word' id='word_1_67' title='bbox 2047 563 2144 624; x_wconf 86' lang='lat' dir='ltr'><strong>post</strong></span> <span class='ocrx_word' id='word_1_68' title='bbox 2171 580 2288 610; x_wconf 75' lang='lat' dir='ltr'><strong>mor..</strong></span> 
     </span>
     <span class='ocr_line' id='line_1_9' title="bbox 235 627 2290 696; baseline -0.004 -14"><span class='ocrx_word' id='word_1_69' title='bbox 235 647 327 682; x_wconf 89' lang='lat' dir='ltr'><strong>tem</strong></span> <span class='ocrx_word' id='word_1_70' title='bbox 362 633 575 696; x_wconf 85' lang='lat' dir='ltr'><strong>supereffc</strong></span> <span class='ocrx_word' id='word_1_71' title='bbox 612 631 862 695; x_wconf 81' lang='lat' dir='ltr'><strong>adgnoscit.</strong></span> <span class='ocrx_word' id='word_1_72' title='bbox 929 633 1090 678; x_wconf 88' lang='lat' dir='ltr'><strong>Motus</strong></span> <span class='ocrx_word' id='word_1_73' title='bbox 1123 632 1281 678; x_wconf 87' lang='lat' dir='ltr'><strong>vitales</strong></span> <span class='ocrx_word' id='word_1_74' title='bbox 1316 629 1520 677; x_wconf 85' lang='lat' dir='ltr'><strong>obscuris</strong></span> <span class='ocrx_word' id='word_1_75' title='bbox 1552 629 1715 676; x_wconf 79' lang='lat' dir='ltr'><strong>animae</strong></span> <span class='ocrx_word' id='word_1_76' title='bbox 1752 627 2085 675; x_wconf 85' lang='lat' dir='ltr'><strong>sensationibus</strong></span> <span class='ocrx_word' id='word_1_77' title='bbox 2111 628 2290 674; x_wconf 81' lang='lat' dir='ltr'><strong>tribuit.</strong></span> 
     </span>
     <span class='ocr_line' id='line_1_10' title="bbox 232 691 2294 756; baseline -0.003 -11"><span class='ocrx_word' id='word_1_78' title='bbox 232 699 305 746; x_wconf 85' lang='lat' dir='ltr'><strong>De</strong></span> <span class='ocrx_word' id='word_1_79' title='bbox 333 697 533 745; x_wconf 75' lang='lat' dir='ltr'><strong>sensibus</strong></span> <span class='ocrx_word' id='word_1_80' title='bbox 561 700 612 744; x_wconf 86' lang='lat' dir='ltr'><strong>in</strong></span> <span class='ocrx_word' id='word_1_81' title='bbox 640 697 772 744; x_wconf 87' lang='lat' dir='ltr'><strong>certis</strong></span> <span class='ocrx_word' id='word_1_82' title='bbox 800 695 1073 742; x_wconf 82' lang='lat' dir='ltr'><strong>animalibus</strong></span> <span class='ocrx_word' id='word_1_83' title='bbox 1114 694 1421 756; x_wconf 78' lang='lat' dir='ltr'><strong>paucioribus.</strong></span> <span class='ocrx_word' id='word_1_84' title='bbox 1511 691 1840 753; x_wconf 87' lang='lat' dir='ltr'><strong>Microscopica</strong></span> <span class='ocrx_word' id='word_1_85' title='bbox 1875 693 2148 739; x_wconf 79' lang='lat' dir='ltr'><strong>animalcula</strong></span> <span class='ocrx_word' id='word_1_86' title='bbox 2188 707 2294 738; x_wconf 85' lang='lat' dir='ltr'><strong>vera</strong></span> 
     </span>
     <span class='ocr_line' id='line_1_11' title="bbox 235 755 2295 820; baseline -0.004 -11"><span class='ocrx_word' id='word_1_87' title='bbox 235 761 318 809; x_wconf 80' lang='lat' dir='ltr'><strong>effe</strong></span> <span class='ocrx_word' id='word_1_88' title='bbox 337 763 562 809; x_wconf 87' lang='lat' dir='ltr'><strong>animalia.</strong></span> <span class='ocrx_word' id='word_1_89' title='bbox 628 761 772 808; x_wconf 85' lang='lat' dir='ltr'><strong>Nulla</strong></span> <span class='ocrx_word' id='word_1_90' title='bbox 790 758 956 820; x_wconf 84' lang='lat' dir='ltr'><strong>absque</strong></span> <span class='ocrx_word' id='word_1_91' title='bbox 978 757 1110 806; x_wconf 89' lang='lat' dir='ltr'><strong>sensu</strong></span> <span class='ocrx_word' id='word_1_92' title='bbox 1129 759 1343 805; x_wconf 79' lang='lat' dir='ltr'><strong>animalia</strong></span> <span class='ocrx_word' id='word_1_93' title='bbox 1365 755 1462 804; x_wconf 81' lang='lat' dir='ltr'><strong>esse.</strong></span> <span class='ocrx_word' id='word_1_94' title='bbox 1531 757 1742 816; x_wconf 89' lang='lat' dir='ltr'><strong>Denique</strong></span> <span class='ocrx_word' id='word_1_95' title='bbox 1760 755 2122 817; x_wconf 85' lang='lat' dir='ltr'><strong>anthropologia.</strong></span> <span class='ocrx_word' id='word_1_96' title='bbox 2176 757 2295 802; x_wconf 85' lang='lat' dir='ltr'><strong>Evo-</strong></span> 
     </span>
     <span class='ocr_line' id='line_1_12' title="bbox 236 818 2296 884; baseline -0.002 -11"><span class='ocrx_word' id='word_1_97' title='bbox 236 826 356 873; x_wconf 86' lang='lat' dir='ltr'><strong>lutio</strong></span> <span class='ocrx_word' id='word_1_98' title='bbox 384 826 452 873; x_wconf 86' lang='lat' dir='ltr'><strong>Cl.</strong></span> <span class='ocrx_word' id='word_1_99' title='bbox 476 825 577 872; x_wconf 91' lang='lat' dir='ltr'><strong>viro</strong></span> <span class='ocrx_word' id='word_1_100' title='bbox 599 838 696 870; x_wconf 87' lang='lat' dir='ltr'><strong>non</strong></span> <span class='ocrx_word' id='word_1_101' title='bbox 718 822 938 884; x_wconf 87' lang='lat' dir='ltr'><strong>displicet.</strong></span> <span class='ocrx_word' id='word_1_102' title='bbox 1006 823 1296 883; x_wconf 80' lang='lat' dir='ltr'><strong>Hybridibus</strong></span> <span class='ocrx_word' id='word_1_103' title='bbox 1326 821 1599 869; x_wconf 81' lang='lat' dir='ltr'><strong>animalibus</strong></span> <span class='ocrx_word' id='word_1_104' title='bbox 1624 819 1763 868; x_wconf 81' lang='lat' dir='ltr'><strong>fidem</strong></span> <span class='ocrx_word' id='word_1_105' title='bbox 1793 822 1962 884; x_wconf 82' lang='lat' dir='ltr'><strong>adjicit.</strong></span> <span class='ocrx_word' id='word_1_106' title='bbox 2030 822 2100 868; x_wconf 90' lang='lat' dir='ltr'><strong>De</strong></span> <span class='ocrx_word' id='word_1_107' title='bbox 2122 818 2296 869; x_wconf 67' lang='lat' dir='ltr'><strong>cerebri</strong></span> 
     </span>
     <span class='ocr_line' id='line_1_13' title="bbox 235 885 1143 949; baseline -0.004 -12"><span class='ocrx_word' id='word_1_108' title='bbox 235 888 550 937; x_wconf 58' lang='lat' dir='ltr'><strong>functionibus</strong></span> <span class='ocrx_word' id='word_1_109' title='bbox 575 890 617 935; x_wconf 88' lang='lat'>&amp;</span> <span class='ocrx_word' id='word_1_110' title='bbox 647 889 821 948; x_wconf 87' lang='lat' dir='ltr'><strong>reliqua</strong></span> <span class='ocrx_word' id='word_1_111' title='bbox 847 885 1143 949; x_wconf 78' lang='lat' dir='ltr'><strong>physiologia.</strong></span> 
     </span>
    </p>
   </div>
   <div class='ocr_carea' id='block_1_5' title="bbox 370 966 2131 1032">
    <p class='ocr_par' dir='ltr' id='par_1_5' title="bbox 370 966 2131 1032">
     <span class='ocr_line' id='line_1_14' title="bbox 370 966 2131 1032; baseline -0.001 -14"><span class='ocrx_word' id='word_1_112' title='bbox 370 969 587 1032; x_wconf 76' lang='lat' dir='ltr'><strong>opuscula</strong></span> <span class='ocrx_word' id='word_1_113' title='bbox 611 987 638 1016; x_wconf 83' lang='lat' dir='ltr'><strong>a</strong></span> <span class='ocrx_word' id='word_1_114' title='bbox 662 973 712 1024; x_wconf 81' lang='lat' dir='ltr'><strong>J.</strong></span> <span class='ocrx_word' id='word_1_115' title='bbox 740 973 800 1017; x_wconf 89' lang='lat' dir='ltr'><strong>D.</strong></span> <span class='ocrx_word' id='word_1_116' title='bbox 821 970 984 1019; x_wconf 77' lang='lat' dir='ltr'><strong>T1T10</strong></span> <span class='ocrx_word' id='word_1_117' title='bbox 1020 969 1140 1016; x_wconf 84' lang='lat' dir='ltr'><strong>edita</strong></span> <span class='ocrx_word' id='word_1_118' title='bbox 1171 966 1292 1015; x_wconf 87' lang='lat' dir='ltr'><strong>Hall.</strong></span> <span class='ocrx_word' id='word_1_119' title='bbox 1316 974 1452 1029; x_wconf 86' lang='lat'><strong>1762.</strong></span> <span class='ocrx_word' id='word_1_120' title='bbox 1472 966 1559 1029; x_wconf 62' lang='lat'><strong>42*</strong></span> <span class='ocrx_word' id='word_1_121' title='bbox 1591 985 1690 1016; x_wconf 91' lang='lat' dir='ltr'><strong>non</strong></span> <span class='ocrx_word' id='word_1_122' title='bbox 1716 979 1829 1031; x_wconf 88' lang='lat' dir='ltr'><strong>puto</strong></span> <span class='ocrx_word' id='word_1_123' title='bbox 1858 966 1950 1016; x_wconf 93' lang='lat' dir='ltr'><strong>huc</strong></span> <span class='ocrx_word' id='word_1_124' title='bbox 1973 966 2131 1017; x_wconf 87' lang='lat' dir='ltr'><strong>facere.</strong></span> 
     </span>
    </p>
   </div>
   <div class='ocr_carea' id='block_1_6' title="bbox 236 1049 2300 1370">
    <p class='ocr_par' dir='ltr' id='par_1_6' title="bbox 236 1049 2300 1370">
     <span class='ocr_line' id='line_1_15' title="bbox 364 1049 2296 1114; baseline 0.001 -16"><span class='ocrx_word' id='word_1_125' title='bbox 364 1049 535 1112; x_wconf 81' lang='lat' dir='ltr'><strong>Josephi</strong></span> <span class='ocrx_word' id='word_1_126' title='bbox 560 1052 788 1098; x_wconf 76' lang='lat' dir='ltr'><strong>ZlNANNl</strong></span> <span class='ocrx_word' id='word_1_127' title='bbox 828 1050 932 1110; x_wconf 86' lang='lat' dir='ltr'><strong>(vel</strong></span> <span class='ocrx_word' id='word_1_128' title='bbox 959 1049 1233 1105; x_wconf 67' lang='lat' dir='ltr'>GINANNI)</span> <span class='ocrx_word' id='word_1_129' title='bbox 1265 1049 1368 1097; x_wconf 81' lang='lat' dir='ltr'><strong>delle</strong></span> <span class='ocrx_word' id='word_1_130' title='bbox 1399 1068 1507 1098; x_wconf 81' lang='lat' dir='ltr'><strong>nove</strong></span> <span class='ocrx_word' id='word_1_131' title='bbox 1541 1069 1563 1098; x_wconf 83' lang='lat' dir='ltr'><strong>e</strong></span> <span class='ocrx_word' id='word_1_132' title='bbox 1597 1052 1666 1098; x_wconf 84' lang='lat' dir='ltr'><strong>dei</strong></span> <span class='ocrx_word' id='word_1_133' title='bbox 1704 1051 1799 1098; x_wconf 83' lang='lat' dir='ltr'><em>nidi</em></span> <span class='ocrx_word' id='word_1_134' title='bbox 1829 1051 1941 1114; x_wconf 78' lang='lat' dir='ltr'><strong>degli</strong></span> <span class='ocrx_word' id='word_1_135' title='bbox 1970 1053 2111 1100; x_wconf 73' lang='lat' dir='ltr'><strong>ucceHi</strong></span> <span class='ocrx_word' id='word_1_136' title='bbox 2140 1051 2236 1099; x_wconf 87' lang='lat' dir='ltr'><strong>Lib.</strong></span> <span class='ocrx_word' id='word_1_137' title='bbox 2256 1051 2296 1099; x_wconf 86' lang='lat' dir='ltr'><strong>I..</strong></span> 
     </span>
     <span class='ocr_line' id='line_1_16' title="bbox 240 1113 2300 1176; baseline -0 -12"><span class='ocrx_word' id='word_1_138' title='bbox 240 1115 414 1164; x_wconf 84' lang='lat' dir='ltr'><strong>Venez.</strong></span> <span class='ocrx_word' id='word_1_139' title='bbox 442 1127 577 1173; x_wconf 83' lang='lat'><strong>1737.</strong></span> <span class='ocrx_word' id='word_1_140' title='bbox 601 1113 681 1172; x_wconf 80' lang='lat'><strong>4.*</strong></span> <span class='ocrx_word' id='word_1_141' title='bbox 712 1116 754 1160; x_wconf 79' lang='lat'>&amp;</span> <span class='ocrx_word' id='word_1_142' title='bbox 776 1131 798 1160; x_wconf 78' lang='grc' dir='ltr'><strong><em>ο</em></strong></span> <span class='ocrx_word' id='word_1_143' title='bbox 833 1115 1256 1176; x_wconf 73' lang='lat' dir='ltr'><strong>ervazionigiornali</strong></span> <span class='ocrx_word' id='word_1_144' title='bbox 1279 1115 1380 1161; x_wconf 81' lang='lat' dir='ltr'><strong>delle</strong></span> <span class='ocrx_word' id='word_1_145' title='bbox 1400 1117 1650 1169; x_wconf 78' lang='lat' dir='ltr'><strong>cavallette‚</strong></span> <span class='ocrx_word' id='word_1_146' title='bbox 1680 1132 1775 1162; x_wconf 89' lang='lat' dir='ltr'><strong>una</strong></span> <span class='ocrx_word' id='word_1_147' title='bbox 1801 1114 1988 1163; x_wconf 75' lang='lat' dir='ltr'><strong>excusae.</strong></span> <span class='ocrx_word' id='word_1_148' title='bbox 2057 1118 2164 1163; x_wconf 86' lang='lat' dir='ltr'><strong>Ova</strong></span> <span class='ocrx_word' id='word_1_149' title='bbox 2181 1118 2300 1164; x_wconf 88' lang='lat' dir='ltr'><strong>mul-</strong></span> 
     </span>
     <span class='ocr_line' id='line_1_17' title="bbox 239 1178 2298 1240; baseline 0 -13"><span class='ocrx_word' id='word_1_150' title='bbox 239 1191 390 1227; x_wconf 84' lang='lat' dir='ltr'><strong>tarum</strong></span> <span class='ocrx_word' id='word_1_151' title='bbox 411 1179 565 1225; x_wconf 89' lang='lat' dir='ltr'><strong>avium</strong></span> <span class='ocrx_word' id='word_1_152' title='bbox 591 1194 694 1224; x_wconf 89' lang='lat' dir='ltr'><strong>cum</strong></span> <span class='ocrx_word' id='word_1_153' title='bbox 725 1180 1008 1238; x_wconf 79' lang='lat' dir='ltr'><strong>temporibus</strong></span> <span class='ocrx_word' id='word_1_154' title='bbox 1031 1179 1343 1226; x_wconf 82' lang='lat' dir='ltr'><strong>incubationis</strong></span> <span class='ocrx_word' id='word_1_155' title='bbox 1369 1181 1411 1226; x_wconf 66' lang='grc' dir='ltr'><strong>δε</strong></span> <span class='ocrx_word' id='word_1_156' title='bbox 1437 1179 1724 1227; x_wconf 74' lang='lat' dir='ltr'><strong>exclusionis.</strong></span> <span class='ocrx_word' id='word_1_157' title='bbox 1793 1178 1996 1227; x_wconf 77' lang='lat' dir='ltr'><strong>Subinde</strong></span> <span class='ocrx_word' id='word_1_158' title='bbox 2023 1181 2119 1228; x_wconf 86' lang='lat' dir='ltr'><strong>avis</strong></span> <span class='ocrx_word' id='word_1_159' title='bbox 2147 1182 2298 1240; x_wconf 87' lang='lat' dir='ltr'><strong>aliqua</strong></span> 
     </span>
     <span class='ocr_line' id='line_1_18' title="bbox 237 1241 2297 1305; baseline 0 -14"><span class='ocrx_word' id='word_1_160' title='bbox 237 1243 518 1291; x_wconf 85' lang='lat' dir='ltr'><strong>describitur.</strong></span> <span class='ocrx_word' id='word_1_161' title='bbox 584 1241 880 1289; x_wconf 87' lang='lat' dir='ltr'><strong>Locustarum</strong></span> <span class='ocrx_word' id='word_1_162' title='bbox 915 1244 1090 1303; x_wconf 86' lang='lat' dir='ltr'><strong>plenior</strong></span> <span class='ocrx_word' id='word_1_163' title='bbox 1130 1243 1191 1289; x_wconf 89' lang='lat' dir='ltr'><strong>est</strong></span> <span class='ocrx_word' id='word_1_164' title='bbox 1223 1242 1441 1297; x_wconf 83' lang='lat' dir='ltr'><strong>historia,</strong></span> <span class='ocrx_word' id='word_1_165' title='bbox 1479 1262 1583 1292; x_wconf 89' lang='lat' dir='ltr'><strong>cum</strong></span> <span class='ocrx_word' id='word_1_166' title='bbox 1622 1245 1774 1305; x_wconf 83' lang='lat' dir='ltr'><strong>aliqua</strong></span> <span class='ocrx_word' id='word_1_167' title='bbox 1802 1256 2040 1300; x_wconf 84' lang='lat' dir='ltr'><strong>anatome,</strong></span> <span class='ocrx_word' id='word_1_168' title='bbox 2091 1245 2297 1298; x_wconf 83' lang='lat' dir='ltr'><strong>exuviis,</strong></span> 
     </span>
     <span class='ocr_line' id='line_1_19' title="bbox 236 1306 1939 1370; baseline 0 -14"><span class='ocrx_word' id='word_1_169' title='bbox 236 1323 431 1359; x_wconf 86' lang='lat' dir='ltr'><strong>venere,</strong></span> <span class='ocrx_word' id='word_1_170' title='bbox 467 1306 583 1354; x_wconf 76' lang='lat' dir='ltr'><strong>oviS.</strong></span> <span class='ocrx_word' id='word_1_171' title='bbox 650 1307 800 1354; x_wconf 89' lang='lat' dir='ltr'><strong>Multa</strong></span> <span class='ocrx_word' id='word_1_172' title='bbox 827 1307 877 1353; x_wconf 89' lang='lat' dir='ltr'><strong>in</strong></span> <span class='ocrx_word' id='word_1_173' title='bbox 906 1309 1169 1356; x_wconf 67' lang='lat' dir='ltr'><strong>Scuromo</strong></span> <span class='ocrx_word' id='word_1_174' title='bbox 1203 1309 1513 1370; x_wconf 87' lang='lat' dir='ltr'><strong>corriguntur.</strong></span> <span class='ocrx_word' id='word_1_175' title='bbox 1576 1309 1736 1356; x_wconf 91' lang='lat' dir='ltr'><strong>Icones</strong></span> <span class='ocrx_word' id='word_1_176' title='bbox 1763 1309 1939 1356; x_wconf 80' lang='lat' dir='ltr'><strong>nitidae.</strong></span> 
     </span>
    </p>
   </div>
   <div class='ocr_carea' id='block_1_7' title="bbox 239 1388 2304 1900">
    <p class='ocr_par' dir='ltr' id='par_1_7' title="bbox 239 1388 2304 1900">
     <span class='ocr_line' id='line_1_20' title="bbox 363 1388 2301 1453; baseline 0.003 -19"><span class='ocrx_word' id='word_1_177' title='bbox 363 1388 440 1449; x_wconf 86' lang='lat' dir='ltr'><strong>EJ.</strong></span> <span class='ocrx_word' id='word_1_178' title='bbox 482 1391 616 1449; x_wconf 84' lang='lat' dir='ltr'><strong>Opere</strong></span> <span class='ocrx_word' id='word_1_179' title='bbox 628 1390 815 1452; x_wconf 85' lang='lat' dir='ltr'><strong>postume</strong></span> <span class='ocrx_word' id='word_1_180' title='bbox 856 1389 1028 1436; x_wconf 88' lang='lat' dir='ltr'><strong>Venez.</strong></span> <span class='ocrx_word' id='word_1_181' title='bbox 1056 1401 1141 1448; x_wconf 84' lang='lat'><strong>175</strong></span> <span class='ocrx_word' id='word_1_182' title='bbox 1152 1401 1192 1447; x_wconf 73' lang='grc' dir='ltr'><strong>ς.</strong></span> <span class='ocrx_word' id='word_1_183' title='bbox 1227 1388 1345 1436; x_wconf 65' lang='lat' dir='ltr'><strong>fot*</strong></span> <span class='ocrx_word' id='word_1_184' title='bbox 1411 1390 1594 1437; x_wconf 84' lang='lat' dir='ltr'><strong>Plantas</strong></span> <span class='ocrx_word' id='word_1_185' title='bbox 1625 1390 1833 1452; x_wconf 84' lang='lat' dir='ltr'><strong>equidem</strong></span> <span class='ocrx_word' id='word_1_186' title='bbox 1863 1388 1978 1438; x_wconf 80' lang='lat' dir='ltr'><strong>solas</strong></span> <span class='ocrx_word' id='word_1_187' title='bbox 2005 1390 2170 1439; x_wconf 86' lang='lat' dir='ltr'><strong>titulus</strong></span> <span class='ocrx_word' id='word_1_188' title='bbox 2195 1390 2301 1453; x_wconf 61' lang='lat' dir='ltr'><strong>pro-=</strong></span> 
     </span>
     <span class='ocr_line' id='line_1_21' title="bbox 239 1451 2303 1516; baseline 0.001 -15"><span class='ocrx_word' id='word_1_189' title='bbox 239 1451 410 1506; x_wconf 84' lang='lat' dir='ltr'><strong>mittit,</strong></span> <span class='ocrx_word' id='word_1_190' title='bbox 448 1463 634 1499; x_wconf 80' lang='lat' dir='ltr'><strong>centum</strong></span> <span class='ocrx_word' id='word_1_191' title='bbox 667 1456 709 1500; x_wconf 88' lang='lat'>&amp;</span> <span class='ocrx_word' id='word_1_192' title='bbox 737 1454 1084 1513; x_wconf 83' lang='lat' dir='ltr'><strong>quatuordecim</strong></span> <span class='ocrx_word' id='word_1_193' title='bbox 1111 1454 1277 1502; x_wconf 88' lang='lat' dir='ltr'><strong>tabulis</strong></span> <span class='ocrx_word' id='word_1_194' title='bbox 1301 1455 1437 1501; x_wconf 80' lang='lat' dir='ltr'><strong>aeneis</strong></span> <span class='ocrx_word' id='word_1_195' title='bbox 1457 1454 1690 1515; x_wconf 78' lang='lat' dir='ltr'><strong>expreffas.</strong></span> <span class='ocrx_word' id='word_1_196' title='bbox 1758 1456 1879 1501; x_wconf 89' lang='lat' dir='ltr'><strong>Cum</strong></span> <span class='ocrx_word' id='word_1_197' title='bbox 1901 1471 2011 1502; x_wconf 84' lang='lat' dir='ltr'><strong>vero</strong></span> <span class='ocrx_word' id='word_1_198' title='bbox 2030 1472 2185 1503; x_wconf 89' lang='lat' dir='ltr'><strong>earum</strong></span> <span class='ocrx_word' id='word_1_199' title='bbox 2202 1472 2303 1516; x_wconf 87' lang='lat' dir='ltr'><strong>per-</strong></span> 
     </span>
     <span class='ocr_line' id='line_1_22' title="bbox 239 1514 2303 1581; baseline 0.001 -17"><span class='ocrx_word' id='word_1_200' title='bbox 239 1518 398 1564; x_wconf 78' lang='lat' dir='ltr'><strong>multae</strong></span> <span class='ocrx_word' id='word_1_201' title='bbox 424 1514 513 1563; x_wconf 78' lang='lat' dir='ltr'><strong>sint</strong></span> <span class='ocrx_word' id='word_1_202' title='bbox 540 1515 594 1562; x_wconf 83' lang='lat' dir='ltr'><strong>de</strong></span> <span class='ocrx_word' id='word_1_203' title='bbox 620 1515 745 1563; x_wconf 85' lang='lat' dir='ltr'><strong>classe</strong></span> <span class='ocrx_word' id='word_1_204' title='bbox 771 1517 1133 1579; x_wconf 84' lang='lat' dir='ltr'><strong>zoophytorum,</strong></span> <span class='ocrx_word' id='word_1_205' title='bbox 1162 1518 1357 1566; x_wconf 91' lang='lat' dir='ltr'><strong>omnino</strong></span> <span class='ocrx_word' id='word_1_206' title='bbox 1393 1519 1462 1565; x_wconf 89' lang='lat' dir='ltr'><strong>Cl.</strong></span> <span class='ocrx_word' id='word_1_207' title='bbox 1491 1519 1579 1565; x_wconf 89' lang='lat' dir='ltr'><strong>viri</strong></span> <span class='ocrx_word' id='word_1_208' title='bbox 1608 1531 1770 1566; x_wconf 88' lang='lat' dir='ltr'><strong>contra</strong></span> <span class='ocrx_word' id='word_1_209' title='bbox 1800 1535 2083 1580; x_wconf 85' lang='lat' dir='ltr'><strong>nuperorum</strong></span> <span class='ocrx_word' id='word_1_210' title='bbox 2112 1522 2303 1581; x_wconf 87' lang='lat' dir='ltr'><strong>polypo-</strong></span> 
     </span>
     <span class='ocr_line' id='line_1_23' title="bbox 239 1577 2302 1644; baseline 0.001 -15"><span class='ocrx_word' id='word_1_211' title='bbox 239 1597 345 1629; x_wconf 85' lang='lat' dir='ltr'><strong>rum</strong></span> <span class='ocrx_word' id='word_1_212' title='bbox 381 1577 571 1641; x_wconf 87' lang='lat' dir='ltr'><strong>systema</strong></span> <span class='ocrx_word' id='word_1_213' title='bbox 605 1581 883 1642; x_wconf 60' lang='lat' dir='ltr'><strong>objeitiones</strong></span> <span class='ocrx_word' id='word_1_214' title='bbox 919 1582 1076 1629; x_wconf 87' lang='lat' dir='ltr'><strong>audire</strong></span> <span class='ocrx_word' id='word_1_215' title='bbox 1101 1594 1297 1644; x_wconf 76' lang='lat' dir='ltr'><strong>oportet.</strong></span> <span class='ocrx_word' id='word_1_216' title='bbox 1367 1583 1565 1629; x_wconf 84' lang='lat' dir='ltr'><strong>Corallia</strong></span> <span class='ocrx_word' id='word_1_217' title='bbox 1595 1585 1771 1644; x_wconf 87' lang='lat' dir='ltr'><strong>plantas</strong></span> <span class='ocrx_word' id='word_1_218' title='bbox 1797 1582 1907 1637; x_wconf 83' lang='lat' dir='ltr'><strong>effe,</strong></span> <span class='ocrx_word' id='word_1_219' title='bbox 1951 1601 2145 1644; x_wconf 90' lang='lat' dir='ltr'><strong>quarum</strong></span> <span class='ocrx_word' id='word_1_220' title='bbox 2174 1583 2302 1631; x_wconf 82' lang='lat' dir='ltr'><strong>fibrae</strong></span> 
     </span>
     <span class='ocr_line' id='line_1_24' title="bbox 239 1645 2300 1708; baseline 0.001 -15"><span class='ocrx_word' id='word_1_221' title='bbox 239 1646 401 1706; x_wconf 87' lang='lat' dir='ltr'><strong>utique</strong></span> <span class='ocrx_word' id='word_1_222' title='bbox 422 1661 448 1691; x_wconf 90' lang='lat' dir='ltr'><strong>a</strong></span> <span class='ocrx_word' id='word_1_223' title='bbox 468 1656 635 1692; x_wconf 89' lang='lat' dir='ltr'><strong>trunco</strong></span> <span class='ocrx_word' id='word_1_224' title='bbox 661 1645 716 1692; x_wconf 83' lang='lat' dir='ltr'><strong>ad</strong></span> <span class='ocrx_word' id='word_1_225' title='bbox 731 1662 878 1693; x_wconf 86' lang='lat' dir='ltr'><strong>ramos</strong></span> <span class='ocrx_word' id='word_1_226' title='bbox 900 1662 998 1692; x_wconf 88' lang='lat' dir='ltr'><strong>non</strong></span> <span class='ocrx_word' id='word_1_227' title='bbox 1022 1646 1291 1708; x_wconf 70' lang='lat' dir='ltr'><strong>interruptae</strong></span> <span class='ocrx_word' id='word_1_228' title='bbox 1311 1648 1662 1695; x_wconf 83' lang='lat' dir='ltr'><strong>continuentur.</strong></span> <span class='ocrx_word' id='word_1_229' title='bbox 1730 1649 1882 1695; x_wconf 80' lang='lat' dir='ltr'><strong>Flores</strong></span> <span class='ocrx_word' id='word_1_230' title='bbox 1906 1650 2300 1696; x_wconf 75' lang='lat' dir='ltr'>MARSIGLIANOS</span> 
     </span>
     <span class='ocr_line' id='line_1_25' title="bbox 240 1707 2302 1773; baseline 0.001 -16"><span class='ocrx_word' id='word_1_231' title='bbox 240 1708 327 1757; x_wconf 78' lang='lat' dir='ltr'><strong>effe</strong></span> <span class='ocrx_word' id='word_1_232' title='bbox 354 1724 565 1756; x_wconf 86' lang='lat' dir='ltr'><strong>verrucas</strong></span> <span class='ocrx_word' id='word_1_233' title='bbox 588 1707 755 1770; x_wconf 89' lang='lat' dir='ltr'><strong>septem</strong></span> <span class='ocrx_word' id='word_1_234' title='bbox 784 1710 1011 1771; x_wconf 83' lang='lat' dir='ltr'><strong>glandulis</strong></span> <span class='ocrx_word' id='word_1_235' title='bbox 1039 1708 1304 1772; x_wconf 88' lang='lat' dir='ltr'><strong>conspicuas</strong></span> <span class='ocrx_word' id='word_1_236' title='bbox 1322 1744 1335 1765; x_wconf 86' lang='lat'><strong>,</strong></span> <span class='ocrx_word' id='word_1_237' title='bbox 1375 1728 1568 1772; x_wconf 89' lang='lat' dir='ltr'><strong>quarum</strong></span> <span class='ocrx_word' id='word_1_238' title='bbox 1601 1728 1791 1773; x_wconf 76' lang='lat' dir='ltr'><strong>quaeque</strong></span> <span class='ocrx_word' id='word_1_239' title='bbox 1815 1710 1890 1758; x_wconf 82' lang='lat' dir='ltr'><strong>sex</strong></span> <span class='ocrx_word' id='word_1_240' title='bbox 1916 1711 2039 1759; x_wconf 87' lang='lat' dir='ltr'><strong>strias</strong></span> <span class='ocrx_word' id='word_1_241' title='bbox 2065 1711 2225 1766; x_wconf 84' lang='lat' dir='ltr'><strong>habet,</strong></span> <span class='ocrx_word' id='word_1_242' title='bbox 2258 1714 2302 1759; x_wconf 89' lang='lat'>&amp;</span> 
     </span>
     <span class='ocr_line' id='line_1_26' title="bbox 239 1772 2304 1836; baseline 0.001 -15"><span class='ocrx_word' id='word_1_243' title='bbox 239 1790 337 1822; x_wconf 84' lang='lat' dir='ltr'><strong>una</strong></span> <span class='ocrx_word' id='word_1_244' title='bbox 365 1773 512 1820; x_wconf 87' lang='lat' dir='ltr'><strong>media</strong></span> <span class='ocrx_word' id='word_1_245' title='bbox 533 1774 678 1834; x_wconf 88' lang='lat' dir='ltr'><strong>major</strong></span> <span class='ocrx_word' id='word_1_246' title='bbox 709 1772 785 1821; x_wconf 86' lang='lat' dir='ltr'><strong>est.</strong></span> <span class='ocrx_word' id='word_1_247' title='bbox 852 1775 922 1821; x_wconf 86' lang='lat' dir='ltr'><strong>Ex</strong></span> <span class='ocrx_word' id='word_1_248' title='bbox 954 1791 1133 1835; x_wconf 89' lang='lat' dir='ltr'><strong>quaque</strong></span> <span class='ocrx_word' id='word_1_249' title='bbox 1154 1791 1344 1823; x_wconf 87' lang='lat' dir='ltr'><strong>verruca</strong></span> <span class='ocrx_word' id='word_1_250' title='bbox 1369 1776 1556 1823; x_wconf 88' lang='lat' dir='ltr'><strong>tubulos</strong></span> <span class='ocrx_word' id='word_1_251' title='bbox 1593 1778 1838 1824; x_wconf 77' lang='lat' dir='ltr'><strong>continuos</strong></span> <span class='ocrx_word' id='word_1_252' title='bbox 1872 1777 1922 1823; x_wconf 90' lang='lat' dir='ltr'><strong>in</strong></span> <span class='ocrx_word' id='word_1_253' title='bbox 1949 1777 2104 1836; x_wconf 89' lang='lat' dir='ltr'><strong>planta</strong></span> <span class='ocrx_word' id='word_1_254' title='bbox 2140 1778 2304 1823; x_wconf 79' lang='lat' dir='ltr'><strong>intima</strong></span> 
     </span>
     <span class='ocr_line' id='line_1_27' title="bbox 244 1836 2303 1900; baseline 0.001 -15"><span class='ocrx_word' id='word_1_255' title='bbox 244 1837 536 1890; x_wconf 82' lang='lat' dir='ltr'><strong>continuari,</strong></span> <span class='ocrx_word' id='word_1_256' title='bbox 573 1838 627 1884; x_wconf 87' lang='lat' dir='ltr'><strong>de</strong></span> <span class='ocrx_word' id='word_1_257' title='bbox 654 1836 821 1898; x_wconf 88' lang='lat' dir='ltr'><strong>quibus</strong></span> <span class='ocrx_word' id='word_1_258' title='bbox 851 1854 1017 1899; x_wconf 81' lang='lat' dir='ltr'><strong>aquam</strong></span> <span class='ocrx_word' id='word_1_259' title='bbox 1050 1841 1092 1886; x_wconf 86' lang='lat'>&amp;</span> <span class='ocrx_word' id='word_1_260' title='bbox 1118 1839 1301 1886; x_wconf 89' lang='lat' dir='ltr'><strong>demum</strong></span> <span class='ocrx_word' id='word_1_261' title='bbox 1332 1841 1399 1886; x_wconf 86' lang='lat' dir='ltr'><strong>lac</strong></span> <span class='ocrx_word' id='word_1_262' title='bbox 1425 1841 1647 1900; x_wconf 82' lang='lat' dir='ltr'><strong>exprimas</strong></span> <span class='ocrx_word' id='word_1_263' title='bbox 1667 1875 1679 1893; x_wconf 84' lang='lat'>‚</span> <span class='ocrx_word' id='word_1_264' title='bbox 1730 1842 1771 1887; x_wconf 73' lang='grc' dir='ltr'><strong>δε</strong></span> <span class='ocrx_word' id='word_1_265' title='bbox 1804 1857 1875 1887; x_wconf 87' lang='lat' dir='ltr'><strong>eas</strong></span> <span class='ocrx_word' id='word_1_266' title='bbox 1897 1857 2062 1887; x_wconf 89' lang='lat' dir='ltr'><strong>omnes</strong></span> <span class='ocrx_word' id='word_1_267' title='bbox 2091 1857 2303 1888; x_wconf 83' lang='lat' dir='ltr'><strong>verrucas</strong></span> 
     </span>
    </p>
   </div>
   <div class='ocr_carea' id='block_1_8' title="bbox 241 1900 2304 2029">
    <p class='ocr_par' dir='ltr' id='par_1_8' title="bbox 241 1900 2304 2029">
     <span class='ocr_line' id='line_1_28' title="bbox 241 1900 2304 1968; baseline 0.001 -18"><span class='ocrx_word' id='word_1_268' title='bbox 241 1902 294 1951; x_wconf 88' lang='lat' dir='ltr'><strong>in</strong></span> <span class='ocrx_word' id='word_1_269' title='bbox 321 1901 488 1948; x_wconf 77' lang='lat' dir='ltr'><strong>cortice</strong></span> <span class='ocrx_word' id='word_1_270' title='bbox 515 1900 754 1948; x_wconf 77' lang='lat' dir='ltr'><strong>cohaerere.</strong></span> <span class='ocrx_word' id='word_1_271' title='bbox 823 1903 893 1950; x_wconf 83' lang='lat' dir='ltr'><strong>Ab</strong></span> <span class='ocrx_word' id='word_1_272' title='bbox 922 1901 1116 1952; x_wconf 86' lang='lat' dir='ltr'><strong>Eschara</strong></span> <span class='ocrx_word' id='word_1_273' title='bbox 1132 1904 1308 1952; x_wconf 87' lang='lat' dir='ltr'><strong>marina</strong></span> <span class='ocrx_word' id='word_1_274' title='bbox 1329 1904 1443 1968; x_wconf 84' lang='lat' dir='ltr'><strong>Imp.</strong></span> <span class='ocrx_word' id='word_1_275' title='bbox 1463 1902 1507 1953; x_wconf 87' lang='lat' dir='ltr'><strong>se</strong></span> <span class='ocrx_word' id='word_1_276' title='bbox 1527 1921 1676 1953; x_wconf 75' lang='lat' dir='ltr'><strong>ramos</strong></span> <span class='ocrx_word' id='word_1_277' title='bbox 1703 1905 1919 1954; x_wconf 84' lang='lat' dir='ltr'><strong>deciduos</strong></span> <span class='ocrx_word' id='word_1_278' title='bbox 1943 1903 1999 1954; x_wconf 89' lang='lat' dir='ltr'><strong>ad</strong></span> <span class='ocrx_word' id='word_1_279' title='bbox 2024 1904 2304 1966; x_wconf 69' lang='lat' dir='ltr'><strong>Sempervivi</strong></span> 
     </span>
     <span class='ocr_line' id='line_1_29' title="bbox 243 1964 868 2029; baseline 0 -15"><span class='ocrx_word' id='word_1_280' title='bbox 243 1966 432 2014; x_wconf 82' lang='lat' dir='ltr'><strong>modum</strong></span> <span class='ocrx_word' id='word_1_281' title='bbox 461 1964 614 2015; x_wconf 82' lang='lat' dir='ltr'><strong>vidiffe</strong></span> <span class='ocrx_word' id='word_1_282' title='bbox 639 1977 868 2029; x_wconf 68' lang='lat' dir='ltr'><strong>vegetare,</strong></span> 
     </span>
    </p>
   </div>
   <div class='ocr_carea' id='block_1_9' title="bbox 731 2096 1807 2157">
    <p class='ocr_par' dir='ltr' id='par_1_9' title="bbox 731 2096 1807 2157">
     <span class='ocr_line' id='line_1_30' title="bbox 731 2096 1807 2157; baseline 0.005 -10"><span class='ocrx_word' id='word_1_283' title='bbox 731 2096 777 2157; x_wconf 70' lang='lat'><strong>§-</strong></span> <span class='ocrx_word' id='word_1_284' title='bbox 815 2099 1284 2151; x_wconf 89' lang='lat' dir='ltr'><strong>DCCCCXCIV.</strong></span> <span class='ocrx_word' id='word_1_285' title='bbox 1382 2102 1431 2152; x_wconf 90' lang='lat' dir='ltr'><strong>F.</strong></span> <span class='ocrx_word' id='word_1_286' title='bbox 1466 2104 1535 2152; x_wconf 89' lang='lat' dir='ltr'><strong>M.</strong></span> <span class='ocrx_word' id='word_1_287' title='bbox 1567 2103 1807 2153; x_wconf 68' lang='lat' dir='ltr'><strong>D1smea.</strong></span> 
     </span>
    </p>
   </div>
   <div class='ocr_carea' id='block_1_10' title="bbox 248 2209 2309 2531">
    <p class='ocr_par' dir='ltr' id='par_1_10' title="bbox 248 2209 2309 2531">
     <span class='ocr_line' id='line_1_31' title="bbox 378 2209 2304 2276; baseline 0.002 -17"><span class='ocrx_word' id='word_1_288' title='bbox 378 2209 627 2272; x_wconf 67' lang='lat' dir='ltr'><strong>franciscus</strong></span> <span class='ocrx_word' id='word_1_289' title='bbox 650 2209 848 2258; x_wconf 77' lang='lat' dir='ltr'><strong>Michael</strong></span> <span class='ocrx_word' id='word_1_290' title='bbox 867 2213 1087 2260; x_wconf 68' lang='lat' dir='ltr'><strong>Dlsnlan</strong></span> <span class='ocrx_word' id='word_1_291' title='bbox 1104 2246 1118 2266; x_wconf 90' lang='lat'><strong>,</strong></span> <span class='ocrx_word' id='word_1_292' title='bbox 1152 2211 1432 2275; x_wconf 82' lang='lat' dir='ltr'><strong>Chirurgus,</strong></span> <span class='ocrx_word' id='word_1_293' title='bbox 1470 2215 1512 2261; x_wconf 87' lang='lat'>&amp;</span> <span class='ocrx_word' id='word_1_294' title='bbox 1538 2214 1588 2260; x_wconf 90' lang='lat' dir='ltr'><strong>in</strong></span> <span class='ocrx_word' id='word_1_295' title='bbox 1608 2214 1849 2262; x_wconf 87' lang='lat' dir='ltr'><strong>Academia</strong></span> <span class='ocrx_word' id='word_1_296' title='bbox 1869 2215 2093 2276; x_wconf 59' lang='lat' dir='ltr'><strong>pictorum</strong></span> <span class='ocrx_word' id='word_1_297' title='bbox 2122 2212 2304 2269; x_wconf 83' lang='lat' dir='ltr'><strong>incisor.</strong></span> 
     </span>
     <span class='ocr_line' id='line_1_32' title="bbox 248 2276 2308 2341; baseline 0 -16"><span class='ocrx_word' id='word_1_298' title='bbox 248 2278 434 2339; x_wconf 74' lang='lat' dir='ltr'><strong>Hzstoire</strong></span> <span class='ocrx_word' id='word_1_299' title='bbox 467 2277 611 2322; x_wconf 55' lang='lat' dir='ltr'><strong>exaffe</strong></span> <span class='ocrx_word' id='word_1_300' title='bbox 637 2276 713 2322; x_wconf 81' lang='lat' dir='ltr'><strong>des</strong></span> <span class='ocrx_word' id='word_1_301' title='bbox 749 2293 820 2329; x_wconf 81' lang='lat' dir='ltr'><strong>os,</strong></span> <span class='ocrx_word' id='word_1_302' title='bbox 864 2277 920 2323; x_wconf 71' lang='grc' dir='ltr'><strong>οἰι</strong></span> <span class='ocrx_word' id='word_1_303' title='bbox 954 2276 1211 2338; x_wconf 79' lang='lat' dir='ltr'><strong>description</strong></span> <span class='ocrx_word' id='word_1_304' title='bbox 1243 2279 1467 2339; x_wconf 81' lang='lat' dir='ltr'><strong>complette</strong></span> <span class='ocrx_word' id='word_1_305' title='bbox 1501 2278 1554 2324; x_wconf 82' lang='lat' dir='ltr'><strong>de</strong></span> <span class='ocrx_word' id='word_1_306' title='bbox 1592 2280 1836 2341; x_wconf 78' lang='lat' dir='ltr'><strong>l&#39;osteologie</strong></span> <span class='ocrx_word' id='word_1_307' title='bbox 1891 2281 2022 2339; x_wconf 87' lang='lat' dir='ltr'><strong>Lyon</strong></span> <span class='ocrx_word' id='word_1_308' title='bbox 2060 2291 2195 2338; x_wconf 83' lang='lat'><strong>1737.</strong></span> <span class='ocrx_word' id='word_1_309' title='bbox 2234 2291 2308 2325; x_wconf 82' lang='lat'><strong>12.</strong></span> 
     </span>
     <span class='ocr_line' id='line_1_33' title="bbox 255 2336 2308 2405; baseline 0 -18"><span class='ocrx_word' id='word_1_310' title='bbox 255 2353 392 2399; x_wconf 87' lang='lat'><strong>1745.</strong></span> <span class='ocrx_word' id='word_1_311' title='bbox 429 2343 532 2387; x_wconf 57' lang='lat'><strong>122*</strong></span> <span class='ocrx_word' id='word_1_312' title='bbox 578 2353 716 2398; x_wconf 83' lang='lat'><strong>1750.</strong></span> <span class='ocrx_word' id='word_1_313' title='bbox 746 2336 856 2386; x_wconf 82' lang='lat'><strong>12.*</strong></span> <span class='ocrx_word' id='word_1_314' title='bbox 899 2353 1034 2399; x_wconf 88' lang='lat'><strong>1759.</strong></span> <span class='ocrx_word' id='word_1_315' title='bbox 1072 2353 1144 2387; x_wconf 86' lang='lat'><strong>12.</strong></span> <span class='ocrx_word' id='word_1_316' title='bbox 1185 2348 1320 2399; x_wconf 90' lang='lat'><strong>1767.</strong></span> <span class='ocrx_word' id='word_1_317' title='bbox 1347 2353 1420 2389; x_wconf 85' lang='lat'><strong>12.</strong></span> <span class='ocrx_word' id='word_1_318' title='bbox 1457 2340 1531 2388; x_wconf 87' lang='lat' dir='ltr'><strong>hic</strong></span> <span class='ocrx_word' id='word_1_319' title='bbox 1552 2343 1733 2403; x_wconf 85' lang='lat' dir='ltr'><strong>plenius</strong></span> <span class='ocrx_word' id='word_1_320' title='bbox 1758 2360 1859 2390; x_wconf 87' lang='lat' dir='ltr'><strong>cum</strong></span> <span class='ocrx_word' id='word_1_321' title='bbox 1889 2344 2076 2405; x_wconf 84' lang='lat' dir='ltr'><strong>triginta</strong></span> <span class='ocrx_word' id='word_1_322' title='bbox 2104 2360 2200 2389; x_wconf 76' lang='lat' dir='ltr'><strong>non</strong></span> <span class='ocrx_word' id='word_1_323' title='bbox 2229 2359 2308 2402; x_wconf 84' lang='lat' dir='ltr'><strong>op-</strong></span> 
     </span>
     <span class='ocr_line' id='line_1_34' title="bbox 252 2403 2309 2468; baseline 0 -18"><span class='ocrx_word' id='word_1_324' title='bbox 252 2405 375 2451; x_wconf 87' lang='lat' dir='ltr'><strong>timis</strong></span> <span class='ocrx_word' id='word_1_325' title='bbox 402 2403 571 2450; x_wconf 78' lang='lat' dir='ltr'><strong>tabulis</strong></span> <span class='ocrx_word' id='word_1_326' title='bbox 599 2404 882 2461; x_wconf 57' lang='lat' dir='ltr'><strong>(Pomm)</strong></span> <span class='ocrx_word' id='word_1_327' title='bbox 919 2421 1019 2464; x_wconf 79' lang='lat' dir='ltr'><strong>quae</strong></span> <span class='ocrx_word' id='word_1_328' title='bbox 1044 2403 1094 2451; x_wconf 90' lang='lat' dir='ltr'><strong>in</strong></span> <span class='ocrx_word' id='word_1_329' title='bbox 1126 2422 1224 2451; x_wconf 89' lang='lat' dir='ltr'><strong>mea</strong></span> <span class='ocrx_word' id='word_1_330' title='bbox 1249 2405 1449 2452; x_wconf 83' lang='lat' dir='ltr'><strong>editione</strong></span> <span class='ocrx_word' id='word_1_331' title='bbox 1477 2408 1615 2453; x_wconf 79' lang='lat' dir='ltr'><strong>nullae</strong></span> <span class='ocrx_word' id='word_1_332' title='bbox 1645 2406 1779 2454; x_wconf 86' lang='lat' dir='ltr'><strong>sunt:</strong></span> <span class='ocrx_word' id='word_1_333' title='bbox 1815 2405 1962 2468; x_wconf 87' lang='lat' dir='ltr'><strong>ipsum</strong></span> <span class='ocrx_word' id='word_1_334' title='bbox 1987 2407 2309 2468; x_wconf 84' lang='lat' dir='ltr'><strong>compendium</strong></span> 
     </span>
     <span class='ocr_line' id='line_1_35' title="bbox 251 2465 1821 2531; baseline 0.002 -15"><span class='ocrx_word' id='word_1_335' title='bbox 251 2468 443 2522; x_wconf 90' lang='lat' dir='ltr'><strong>bonum,</strong></span> <span class='ocrx_word' id='word_1_336' title='bbox 471 2467 526 2514; x_wconf 86' lang='lat' dir='ltr'><strong>ad</strong></span> <span class='ocrx_word' id='word_1_337' title='bbox 548 2465 727 2513; x_wconf 82' lang='lat' dir='ltr'><strong>sensum</strong></span> <span class='ocrx_word' id='word_1_338' title='bbox 747 2469 1066 2516; x_wconf 71' lang='lat' dir='ltr'><strong>Wmsrowi.</strong></span> <span class='ocrx_word' id='word_1_339' title='bbox 1134 2470 1311 2530; x_wconf 80' lang='lat' dir='ltr'><strong>Belgice</strong></span> <span class='ocrx_word' id='word_1_340' title='bbox 1336 2470 1583 2517; x_wconf 86' lang='lat' dir='ltr'><strong>Roterdam</strong></span> <span class='ocrx_word' id='word_1_341' title='bbox 1613 2483 1748 2531; x_wconf 88' lang='lat'><strong>1770.</strong></span> <span class='ocrx_word' id='word_1_342' title='bbox 1778 2477 1821 2525; x_wconf 74' lang='lat'><strong>8.</strong></span> 
     </span>
    </p>
   </div>
   <div class='ocr_carea' id='block_1_11' title="bbox 254 2544 2310 2673">
    <p class='ocr_par' dir='ltr' id='par_1_11' title="bbox 254 2544 2310 2673">
     <span class='ocr_line' id='line_1_36' title="bbox 382 2544 2310 2616; baseline 0.002 -20"><span class='ocrx_word' id='word_1_343' title='bbox 382 2550 458 2610; x_wconf 73' lang='lat' dir='ltr'><strong>EJ.</strong></span> <span class='ocrx_word' id='word_1_344' title='bbox 496 2548 759 2610; x_wconf 77' lang='lat' dir='ltr'><strong>Sarcologie,</strong></span> <span class='ocrx_word' id='word_1_345' title='bbox 789 2565 842 2595; x_wconf 82' lang='lat' dir='ltr'><strong>ou</strong></span> <span class='ocrx_word' id='word_1_346' title='bbox 863 2560 925 2595; x_wconf 83' lang='lat' dir='ltr'><strong>tr.</strong></span> <span class='ocrx_word' id='word_1_347' title='bbox 948 2549 1196 2610; x_wconf 77' lang='lat' dir='ltr'><strong>desparties</strong></span> <span class='ocrx_word' id='word_1_348' title='bbox 1220 2551 1364 2599; x_wconf 75' lang='lat' dir='ltr'><strong>molles</strong></span> <span class='ocrx_word' id='word_1_349' title='bbox 1377 2569 1394 2605; x_wconf 77' lang='lat'><strong>‚-</strong></span> <span class='ocrx_word' id='word_1_350' title='bbox 1434 2566 1474 2599; x_wconf 90' lang='lat'><strong>1.</strong></span> <span class='ocrx_word' id='word_1_351' title='bbox 1489 2557 1640 2615; x_wconf 78' lang='lat' dir='ltr'><strong>partie</strong></span> <span class='ocrx_word' id='word_1_352' title='bbox 1661 2553 1864 2616; x_wconf 83' lang='lat' dir='ltr'><strong>myologie</strong></span> <span class='ocrx_word' id='word_1_353' title='bbox 1896 2554 2016 2602; x_wconf 85' lang='lat' dir='ltr'><strong>Paris</strong></span> <span class='ocrx_word' id='word_1_354' title='bbox 2040 2556 2171 2611; x_wconf 77' lang='lat'><strong>1748·</strong></span> <span class='ocrx_word' id='word_1_355' title='bbox 2202 2544 2310 2599; x_wconf 53' lang='lat'><strong>129‘</strong></span> 
     </span>
     <span class='ocr_line' id='line_1_37' title="bbox 254 2611 1194 2673; baseline -0.001 -12"><span class='ocrx_word' id='word_1_356' title='bbox 254 2612 415 2663; x_wconf 79' lang='lat' dir='ltr'><strong>Minus</strong></span> <span class='ocrx_word' id='word_1_357' title='bbox 442 2613 557 2660; x_wconf 90' lang='lat' dir='ltr'><strong>bene</strong></span> <span class='ocrx_word' id='word_1_358' title='bbox 582 2629 721 2673; x_wconf 87' lang='lat' dir='ltr'><strong>quam</strong></span> <span class='ocrx_word' id='word_1_359' title='bbox 747 2611 919 2673; x_wconf 80' lang='lat' dir='ltr'><strong>reliqua</strong></span> <span class='ocrx_word' id='word_1_360' title='bbox 942 2614 1194 2660; x_wconf 86' lang='lat' dir='ltr'><strong>volumina.</strong></span> 
     </span>
    </p>
   </div>
   <div class='ocr_carea' id='block_1_12' title="bbox 257 2694 2373 3078">
    <p class='ocr_par' dir='ltr' id='par_1_12' title="bbox 257 2694 2373 3062">
     <span class='ocr_line' id='line_1_38' title="bbox 385 2694 2310 2761; baseline 0 -19"><span class='ocrx_word' id='word_1_361' title='bbox 385 2696 461 2756; x_wconf 86' lang='lat' dir='ltr'><strong>EJ.</strong></span> <span class='ocrx_word' id='word_1_362' title='bbox 495 2694 746 2756; x_wconf 74' lang='lat' dir='ltr'><strong>Sarcologie‚</strong></span> <span class='ocrx_word' id='word_1_363' title='bbox 761 2711 815 2740; x_wconf 82' lang='lat' dir='ltr'><strong>ou</strong></span> <span class='ocrx_word' id='word_1_364' title='bbox 827 2706 886 2740; x_wconf 82' lang='lat' dir='ltr'><strong>tr.</strong></span> <span class='ocrx_word' id='word_1_365' title='bbox 903 2694 973 2740; x_wconf 78' lang='lat' dir='ltr'><strong>des</strong></span> <span class='ocrx_word' id='word_1_366' title='bbox 977 2700 1148 2756; x_wconf 82' lang='lat' dir='ltr'><strong>parties</strong></span> <span class='ocrx_word' id='word_1_367' title='bbox 1161 2696 1298 2743; x_wconf 81' lang='lat' dir='ltr'><strong>molles</strong></span> <span class='ocrx_word' id='word_1_368' title='bbox 1308 2716 1326 2752; x_wconf 78' lang='lat'><strong>‚-</strong></span> <span class='ocrx_word' id='word_1_369' title='bbox 1361 2697 1910 2761; x_wconf 68' lang='lat' dir='ltr'><strong>2.partiesplanchnologie</strong></span> <span class='ocrx_word' id='word_1_370' title='bbox 1941 2697 2061 2745; x_wconf 87' lang='lat' dir='ltr'><strong>Paris</strong></span> <span class='ocrx_word' id='word_1_371' title='bbox 2079 2708 2161 2754; x_wconf 87' lang='lat'><strong>175</strong></span> <span class='ocrx_word' id='word_1_372' title='bbox 2175 2707 2213 2752; x_wconf 84' lang='lat'><strong>3.</strong></span> <span class='ocrx_word' id='word_1_373' title='bbox 2237 2706 2310 2745; x_wconf 85' lang='lat'><strong>12.</strong></span> 
     </span>
     <span class='ocr_line' id='line_1_39' title="bbox 257 2759 2373 2821; baseline -0 -14"><span class='ocrx_word' id='word_1_374' title='bbox 257 2759 451 2808; x_wconf 83' lang='lat' dir='ltr'><strong>2.Vol.*</strong></span> <span class='ocrx_word' id='word_1_375' title='bbox 513 2761 730 2819; x_wconf 84' lang='lat' dir='ltr'><strong>Pleraque</strong></span> <span class='ocrx_word' id='word_1_376' title='bbox 754 2759 921 2804; x_wconf 87' lang='lat' dir='ltr'><strong>iterum</strong></span> <span class='ocrx_word' id='word_1_377' title='bbox 946 2776 1002 2805; x_wconf 81' lang='lat' dir='ltr'><strong>ex</strong></span> <span class='ocrx_word' id='word_1_378' title='bbox 1020 2761 1333 2809; x_wconf 60' lang='lat' dir='ltr'><strong>XViNSLOWO</strong></span> <span class='ocrx_word' id='word_1_379' title='bbox 1357 2780 1369 2807; x_wconf 71' lang='grc' dir='ltr'><strong>ε</strong></span> <span class='ocrx_word' id='word_1_380' title='bbox 1416 2764 1520 2809; x_wconf 87' lang='lat' dir='ltr'><strong>Coli</strong></span> <span class='ocrx_word' id='word_1_381' title='bbox 1557 2765 1785 2810; x_wconf 80' lang='lat' dir='ltr'><strong>valvulam</strong></span> <span class='ocrx_word' id='word_1_382' title='bbox 1814 2763 1949 2808; x_wconf 87' lang='lat' dir='ltr'><strong>habet</strong></span> <span class='ocrx_word' id='word_1_383' title='bbox 1984 2777 2065 2821; x_wconf 89' lang='lat' dir='ltr'><strong>pro</strong></span> <span class='ocrx_word' id='word_1_384' title='bbox 2090 2759 2314 2820; x_wconf 65' lang='lat' dir='ltr'><strong>sphindie-</strong></span> <span class='ocrx_word' id='word_1_385' title='bbox 2371 2792 2373 2794; x_wconf 92' lang='lat'><em>-</em></span> 
     </span>
     <span class='ocr_line' id='line_1_40' title="bbox 258 2823 2312 2885; baseline 0 -16"><span class='ocrx_word' id='word_1_386' title='bbox 258 2839 321 2870; x_wconf 87' lang='lat' dir='ltr'><strong>re.</strong></span> <span class='ocrx_word' id='word_1_387' title='bbox 390 2824 543 2883; x_wconf 87' lang='lat' dir='ltr'><strong>Hepar</strong></span> <span class='ocrx_word' id='word_1_388' title='bbox 577 2840 657 2883; x_wconf 86' lang='lat' dir='ltr'><strong>pro</strong></span> <span class='ocrx_word' id='word_1_389' title='bbox 687 2823 811 2868; x_wconf 85' lang='lat' dir='ltr'><strong>varia</strong></span> <span class='ocrx_word' id='word_1_390' title='bbox 846 2823 1130 2882; x_wconf 82' lang='lat' dir='ltr'><strong>plenitudine</strong></span> <span class='ocrx_word' id='word_1_391' title='bbox 1167 2824 1488 2873; x_wconf 86' lang='lat' dir='ltr'><strong>intestinorum</strong></span> <span class='ocrx_word' id='word_1_392' title='bbox 1520 2825 1609 2874; x_wconf 86' lang='lat' dir='ltr'><strong>fitu</strong></span> <span class='ocrx_word' id='word_1_393' title='bbox 1638 2828 1727 2873; x_wconf 84' lang='lat' dir='ltr'><strong>alio</strong></span> <span class='ocrx_word' id='word_1_394' title='bbox 1759 2824 1838 2871; x_wconf 77' lang='lat' dir='ltr'><strong>esse</strong></span> <span class='ocrx_word' id='word_1_395' title='bbox 1865 2825 2057 2885; x_wconf 82' lang='lat' dir='ltr'><strong>alioque·</strong></span> <span class='ocrx_word' id='word_1_396' title='bbox 2142 2826 2312 2884; x_wconf 83' lang='lat' dir='ltr'><strong>Hyme-</strong></span> 
     </span>
     <span class='ocr_line' id='line_1_41' title="bbox 260 2885 2315 2947; baseline 0.001 -16"><span class='ocrx_word' id='word_1_397' title='bbox 260 2902 365 2932; x_wconf 87' lang='lat' dir='ltr'><strong>nem</strong></span> <span class='ocrx_word' id='word_1_398' title='bbox 395 2885 613 2940; x_wconf 88' lang='lat' dir='ltr'><strong>defendit,</strong></span> <span class='ocrx_word' id='word_1_399' title='bbox 643 2890 686 2934; x_wconf 71' lang='grc' dir='ltr'><strong>δε</strong></span> <span class='ocrx_word' id='word_1_400' title='bbox 711 2885 979 2947; x_wconf 77' lang='lat' dir='ltr'><strong>sanguinem</strong></span> <span class='ocrx_word' id='word_1_401' title='bbox 1007 2888 1124 2934; x_wconf 89' lang='lat' dir='ltr'><strong>vidit</strong></span> <span class='ocrx_word' id='word_1_402' title='bbox 1154 2906 1209 2936; x_wconf 84' lang='lat' dir='ltr'><strong>ex</strong></span> <span class='ocrx_word' id='word_1_403' title='bbox 1233 2891 1352 2936; x_wconf 86' lang='lat' dir='ltr'><strong>uteri</strong></span> <span class='ocrx_word' id='word_1_404' title='bbox 1377 2891 1528 2938; x_wconf 82' lang='lat' dir='ltr'><strong>floccis</strong></span> <span class='ocrx_word' id='word_1_405' title='bbox 1558 2891 1784 2937; x_wconf 81' lang='lat' dir='ltr'><strong>fluentem.</strong></span> <span class='ocrx_word' id='word_1_406' title='bbox 1868 2888 2109 2936; x_wconf 85' lang='lat' dir='ltr'><strong>Pericardii</strong></span> <span class='ocrx_word' id='word_1_407' title='bbox 2130 2889 2315 2935; x_wconf 85' lang='lat' dir='ltr'><strong>unicam</strong></span> 
     </span>
     <span class='ocr_line' id='line_1_42' title="bbox 262 2948 2318 3062; baseline 0 -66"><span class='ocrx_word' id='word_1_408' title='bbox 262 2948 345 2997; x_wconf 81' lang='lat' dir='ltr'><strong>effe</strong></span> <span class='ocrx_word' id='word_1_409' title='bbox 367 2952 689 3002; x_wconf 84' lang='lat' dir='ltr'><strong>membranam.</strong></span> <span class='ocrx_word' id='word_1_410' title='bbox 758 2952 910 3001; x_wconf 76' lang='lat' dir='ltr'><strong>Falces</strong></span> <span class='ocrx_word' id='word_1_411' title='bbox 935 2952 1115 3014; x_wconf 67' lang='lat' dir='ltr'><strong>cerebri3</strong></span> <span class='ocrx_word' id='word_1_412' title='bbox 1130 2951 1174 3002; x_wconf 87' lang='lat' dir='ltr'><strong>se</strong></span> <span class='ocrx_word' id='word_1_413' title='bbox 1199 2966 1361 3002; x_wconf 87' lang='lat' dir='ltr'><strong>mutuo</strong></span> <span class='ocrx_word' id='word_1_414' title='bbox 1389 2952 1613 3003; x_wconf 80' lang='lat' dir='ltr'><strong>sustinent</strong></span> <span class='ocrx_word' id='word_1_415' title='bbox 1633 2955 1676 3000; x_wconf 68' lang='grc' dir='ltr'>ἃ</span> <span class='ocrx_word' id='word_1_416' title='bbox 1701 2951 1912 3002; x_wconf 83' lang='lat' dir='ltr'><strong>tendunt.</strong></span> <span class='ocrx_word' id='word_1_417' title='bbox 1980 2953 2089 3002; x_wconf 85' lang='lat' dir='ltr'><strong>Falx</strong></span> <span class='ocrx_word' id='word_1_418' title='bbox 2110 2951 2318 3062; x_wconf 55' lang='lat' dir='ltr'><strong>ceregelli</strong></span> 
     </span>
    </p>

    <p class='ocr_par' dir='ltr' id='par_1_13' title="bbox 1303 3019 2317 3078">
     <span class='ocr_line' id='line_1_43' title="bbox 1303 3019 2317 3078; baseline -0.005 -11"><span class='ocrx_word' id='word_1_419' title='bbox 1303 3019 1363 3078; x_wconf 78' lang='lat'><strong>-.0</strong></span> <span class='ocrx_word' id='word_1_420' title='bbox 1383 3036 1410 3065; x_wconf 89' lang='grc' dir='ltr'><strong>ο</strong></span> <span class='ocrx_word' id='word_1_421' title='bbox 1441 3028 1466 3074; x_wconf 84' lang='grc'><strong><em>3</em></strong></span> <span class='ocrx_word' id='word_1_422' title='bbox 2243 3029 2317 3062; x_wconf 85' lang='lat' dir='ltr'><strong>ex-</strong></span> 
     </span>
    </p>
   </div>
  </div>
 </body>
</html>
