2531 3394
682 109 729 170 §.
765 117 875 171 928.
941 112 1323 163 ALBERTUS
1374 123 1481 160 von
1519 112 1801 168 Hanni
2098 186 2112 192 x
2167 129 2262 180 209

201 256 306 289 rum
330 250 535 292 motum,
573 239 708 287 etiam
734 257 759 288 a
785 240 1344 303 respiratione‘cerebrum
1377 241 1575 294 moveri,
1608 243 1650 288 δε
1680 243 1729 289 in
1759 243 2056 305 exspiratione
2091 248 2257 303 levari,

200 306 322 352 inter
351 301 663 364 inspirandum
693 303 815 365 quafi
859 303 1091 352 resorberi.
1186 303 1270 351 Sed
1308 319 1455 363 neque
1496 305 1617 365 piam
1656 320 1844 352 matrem
1884 307 2046 356 sentire
2087 324 2216 371 putat
2241 331 2259 364 3

199 384 349 428 neque
369 368 418 413 in
446 382 633 426 corpore
660 367 822 415 calloso
847 367 1096 429 quidquam
1112 365 1200 413 effe
1224 366 1468 427 praecipui,
1508 383 1656 427 neque
1683 369 1734 414 in
1761 371 1992 417 cerebello.
2071 377 2140 420 De
2178 376 2259 422 ob‘-

200 431 304 479 tuso
330 429 461 477 sensu
484 429 703 478 viscerum
731 434 772 478 &
800 431 1179 477 membranarum.
1246 431 1317 476 De
1336 430 1635 484 irritatorum,
1666 431 1951 487 vinctorum,
1987 434 2256 485 refectorum

201 511 449 542 nervorum
473 491 649 541 effeciu.
719 494 908 542 Sensum
939 494 1237 554 intercipiunt
1265 492 1335 539 hae
1364 494 1623 548 violentiae,
1663 512 1760 540 non
1792 511 2002 549 motum3
2038 501 2078 544 ἃ
2114 517 2255 547 nervo

202 559 256 605 de
285 559 467 605 cerebro
491 556 657 605 resecto
681 570 835 605 manet
855 555 934 603 sua
955 557 1052 611 vis,
1095 573 1184 617 qua
1215 555 1443 604 musculos
1463 556 1568 605 suos
1599 560 1831 605 convellit.
1899 560 1982 607 Iris
2010 577 2104 607 non
2124 562 2258 609 senfi-

201 623 282 675 lis,
320 639 467 683 neque
497 621 749 674 irritabilis,
795 621 966 682 pupilla
1001 636 1027 666 a
1054 632 1200 667 morte
1238 622 1441 680 amplior.
1529 622 1613 668 Vis
1651 622 1883 669 irritabilis
1917 625 2179 671 arteriarum
2209 628 2258 672 in

201 687 358 733 calidis
389 686 659 732 animalibus
685 686 836 746 pigra,
872 685 922 730 in
951 682 1125 743 frigidis
1148 684 1458 744 inconspicua.
1527 686 1640 732 Non
1659 685 1819 732 debere
1836 688 2117 734 mutationes
2138 705 2163 734 a
2184 705 2259 735 ve-

200 766 428 797 nenorum
440 748 742 796 chemicorum
757 750 968 794 contactu
983 760 1129 801 natas,
1158 746 1356 794 viinsitae
1372 749 1528 794 tribui.
1597 749 1681 795 Vis
1710 751 1986 796 contractilis
2000 749 2151 798 veficae
2167 752 2260 798 uri-

201 815 341 860 nariae
373 824 585 874 perpetua
619 828 703 858 nec
729 813 899 858 alterna
913 829 927 857 ι.
961 812 1030 858 vis
1055 811 1232 858 modica
1266 809 1470 858 veficulae
1502 811 1656 860 felleae.
1725 813 1984 860 Ventriculi
2009 817 2261 862 contradiio

203 880 245 925 ἃ
282 878 331 923 in
363 879 540 923 vomitu
574 887 740 935 partes.
825 877 944 921 Gula
973 874 1104 921 valde
1142 875 1388 922 irritabilis.
1490 877 1559 923 Sic
1597 876 1842 930 intestina,
1881 893 2077 938 quorum
2107 880 2260 925 varius

202 954 355 988 motus
386 939 459 985 hie
488 952 722 992 narratur,
755 937 1031 999 potiffimum
1048 973 1061 991 ,
1097 939 1179 998 qui
1205 955 1230 984 a
1255 940 1443 985 venenis
1465 938 1682 999 sequitur.
1750 941 1911 988 Motus
1932 942 2077 988 cordis
2097 942 2147 988 in
2174 959 2260 988 nu-

202 1020 308 1065 pera
336 1003 534 1049 editione
556 1002 610 1048 ad
643 1019 749 1048 eum
772 1003 979 1049 libellum
1000 1003 1166 1049 relatus
1187 1036 1199 1056 ,
1236 1019 1371 1062 quem
1404 1006 1632 1049 continuo
1654 1004 1869 1053 dicemus.
1967 1005 2094 1059 Una,
2130 1006 2259 1052 brevi

203 1069 354 1115 libello
380 1065 555 1118 noster,
587 1066 642 1111 ad
673 1066 843 1126 aliquas
866 1066 1147 1126 objecstiones
1180 1066 1348 1114 Claudii
1371 1068 1549 1114 Nicolai
1581 1068 1619 1113 le
1650 1068 1758 1116 CAT
1794 1065 1871 1114 sua
1895 1081 2160 1129 argumenta
2189 1085 2260 1115 re-

204 1129 353 1193 posuit
380 1148 393 1175 :
458 1131 568 1176 Haec
603 1142 812 1191 excerpta
854 1130 1146 1191 reperiuntur
1189 1130 1240 1176 in
1268 1130 1458 1185 Diario,
1502 1130 1578 1178 cui
1615 1133 1775 1180 titulus
1812 1136 1971 1186 Journ.
2012 1132 2064 1178 de
2085 1134 2256 1180 Medec.

207 1201 341 1254 1756.
368 1194 478 1255 Jun.

332 1280 464 1323 Deux
489 1274 790 1334 memoiresfirr
813 1275 851 1322 le
868 1287 1135 1323 mouvement
1157 1275 1336 1337 dusang
1369 1273 1606 1323 Lausanne
1631 1282 1766 1335 1756.
1790 1274 1899 1323 12*
1951 1277 2138 1338 Anglice
2161 1277 2255 1324 diff.

205 1356 259 1388 on
282 1337 350 1386 the
374 1344 532 1386 motion
559 1340 611 1401 of
633 1338 701 1385 the
732 1339 858 1386 blood
876 1374 889 1393 ‚
937 1340 1026 1386 and
1050 1340 1184 1400 effi&
1208 1343 1256 1400 of
1275 1339 1401 1386 blood
1427 1340 1582 1401 letti-ng
1616 1341 1762 1387 Lond.
1798 1353 1930 1399 1757.
1964 1341 2045 1394 8.*
2098 1343 2259 1390 Latine
2327 1364 2333 1367 “

202 1405 352 1450 multo
380 1404 555 1450 audiius
587 1406 637 1449 in
662 1416 774 1465 oper.
801 1408 902 1449 min.
940 1405 996 1450 T.
1013 1405 1047 1450 I.
1117 1405 1432 1464 Experimenta
1464 1402 1558 1464 ipsa
1592 1403 1665 1450 hic
1701 1402 2019 1457 recensentur,
2068 1422 2124 1451 ex
2157 1407 2257 1466 qui-

199 1468 286 1514 bus
307 1501 318 1520 ,
353 1479 570 1527 tanquam
593 1469 883 1514 corollarium
911 1466 1096 1527 aliquod
1113 1501 1128 1520 ,
1164 1467 1345 1514 libellus
1374 1479 1508 1513 uatus
1538 1467 1627 1520 est,
1663 1484 1798 1528 quem
1823 1485 1919 1514 non
1944 1468 2117 1515 dudum
2142 1471 2258 1516 dixi-

200 1548 315 1578 mus.
387 1532 600 1577 Colorem
626 1528 886 1591 sanguinis,
925 1532 1059 1578 etiam
1085 1533 1136 1577 in
1157 1531 1316 1577 eodem
1342 1529 1469 1583 vase,
1506 1532 1647 1577 alium
1678 1530 1759 1577 effe
1784 1533 1825 1577 &
1846 1533 1998 1578 alium.
2067 1532 2258 1579 Phaeno-

199 1611 333 1642 mena
362 1595 410 1641 in
440 1593 660 1654 sanguine
691 1612 717 1641 a
749 1595 883 1641 variis
914 1593 1059 1642 suecis
1097 1596 1139 1641 &
1167 1593 1339 1642 salibus
1371 1593 1569 1642 admistis
1596 1593 1836 1643 nascentia.
1906 1596 2254 1656 Experimenta,

199 1660 367 1719 quibus
389 1659 605 1705 circuitus
632 1656 863 1718 san-guinis
895 1658 1238 1705 demonstratu-r.
1307 1657 1502 1705 Globuli
1527 1671 1716 1712 natant,
1750 1675 1844 1704 non
1872 1671 2096 1705 rotantur.
2139 1661 2256 1707 Nut-

200 1724 242 1770 la
262 1739 287 1769 a
323 1723 460 1783 ligata
485 1737 600 1768 vena
624 1722 822 1783 jugulari
851 1724 981 1770 mala.
1049 1724 1212 1770 Motus
1243 1720 1476 1784 sanguinis
1500 1723 1708 1770 turbatus
1727 1757 1740 1776 ‚
1785 1721 2004 1770 oscillatic
2039 1725 2081 1770 &
2112 1736 2257 1770 retro-

199 1784 372 1848 grcffio.
440 1787 654 1845 Pleraque
686 1786 899 1833 diximus.

332 1868 590 1915 Maximum
622 1884 747 1914 nunc
779 1884 967 1929 operum
996 1869 1192 1915 auctoris
1230 1866 1503 1930 adtigimus,
1549 1868 1761 1916 Elementa
1789 1866 2044 1931 pljyfiologiae
2069 1869 2263 1932 corport}

203 1929 393 1979 humani.
463 1932 578 1984 Hic,
616 1931 793 1991 quaein
816 1936 964 1994 primis
1003 1933 1118 1979 lineis
1144 1931 1397 1978 breviffi-rne
1431 1933 1675 1986 dicuntur,
1712 1931 1808 1979 fuse
1845 1947 2164 1994 exponuntur,
2212 1936 2255 1980 &

201 2005 306 2042 cum
330 1996 385 2041 iis
415 2009 761 2055 com-parantur,
797 2012 897 2055 quae
921 1996 999 2042 alii
1023 1995 1261 2056 scriptores
1286 1996 1458 2042 utiliter
1483 1996 1716 2042 viderunt.
1783 1997 1893 2044 Tela
1917 2010 2069 2043 tamen
2101 1998 2249 2057 operis

147 2057 154 2059 ⁴
201 2076 256 2106 ex
276 2060 468 2119 propriis
488 2060 685 2106 aufto-ris
704 2059 999 2106 incisionibus
1019 2058 1163 2106 sumta
1181 2059 1257 2106 est.
1297 2060 1526 2106 Tomusl.
1548 2061 1719 2119 prodiit
1738 2059 1985 2107 Lausannae
2006 2073 2136 2119 1757.
2159 2063 2252 2119 4³⁶,

187 2121 382 2170 srecusus
408 2124 604 2182 Neapoli
635 2131 767 2181 1763.
793 2120 877 2182 4.*
913 2125 955 2169 ἃ
981 2121 1191 2169 Venetiis
1219 2130 1353 2181 1765.
1381 2122 1462 2181 4.*
1486 2142 1503 2176 3·
1557 2124 1831 2170 Germanice
1858 2122 2011 2171 versus
2049 2141 2073 2169 a
2101 2128 2147 2178 J.
2178 2127 2256 2171 Sa-

200 2187 313 2233 muel
336 2188 509 2234 HALLE
542 2188 691 2233 Berlin
717 2199 851 2246 1759.
882 2186 960 2240 8.’*ν
1028 2187 1252 2233 Continet
1278 2187 1421 2247 prima
1445 2187 1588 2247 capita
1613 2188 1762 2247 operis
1789 2188 2005 2241 minoris,
2041 2189 2082 2234 &
2106 2187 2254 2233 cordis

201 2249 481 2311 potiffimum
507 2248 751 2297 historiam.
817 2251 1096 2296 Arteriarum
1131 2248 1315 2310 simplex
1342 2248 1542 2304 fabrica,
1575 2251 1688 2297 rami
1724 2251 2014 2297 robustiores.
2083 2252 2255 2297 Contra

204 2313 545 2374 parenehymau,
589 2312 935 2360 anastomofium
972 2312 1244 2361 numerosus
1278 2311 1452 2361 census.
1531 2315 1601 2360 De
1636 2312 1843 2361 vasorum
1871 2313 2254 2374 lymphaticorum

210 2378 534 2424 inventoribus
559 2395 571 2422 ε
618 2379 874 2425 RUDBEKH
904 2376 1043 2424 causae
1070 2375 1218 2431 favet,
1255 2378 1335 2438 qui
1356 2378 1485 2436 plura
1502 2378 1724 2438 ejusmodi
1750 2375 1853 2424 vasa
1881 2379 2025 2424 vidit:
2062 2394 2109 2423 ea
2130 2379 2170 2423 ἃ
2201 2393 2256 2423 ex

198 2441 348 2489 rubris
363 2439 478 2487 vasis
493 2439 611 2486 nasci
629 2441 793 2494 noster,
817 2443 857 2488 ἃ
870 2458 924 2488 ex
941 2440 1151 2487 cellulo-sa
1163 2443 1264 2487 tela.
1334 2442 1588 2487 Circuitum
1604 2438 1834 2502 sanguinis
1847 2439 1942 2487 fuse
1961 2441 2249 2491 demonstrat,

204 2505 480 2564 objectiones
510 2517 751 2556 removet·²
791 2506 1033 2565 HARVEJO
1067 2503 1203 2550 refert
1230 2516 1476 2564 acceptum.
1544 2505 1784 2551 Pericardii
1821 2521 1940 2550 nova
1984 2503 2247 2561 descriptio,

207 2568 372 2615 anulus
400 2570 441 2614 ἃ
465 2568 630 2614 icones.
711 2568 944 2615 Tendines
973 2568 1121 2614 cord-is
1146 2568 1324 2627 rejicit:
1359 2569 1540 2614 Nervos
1567 2567 1714 2614 cordis
1744 2568 1797 2613 de
1823 2569 2001 2627 integro
2026 2565 2250 2612 describit.

202 2632 400 2680 Arterias
423 2631 678 2677 coronari-as
706 2647 729 2676 a
756 2632 948 2678 valvulis
973 2643 1108 2677 aortae
1128 2643 1264 2691 negat
1290 2631 1395 2691 tegi.
1466 2631 1557 2677 Cor
1583 2632 1742 2690 utique
1764 2632 1944 2676 brevius
1974 2629 2114 2682 reddi,
2142 2628 2252 2674 dum

203 2694 489 2742 contrahitur
502 2713 515 2746 3
554 2696 650 2755 ejus
678 2707 827 2741 motus
848 2711 903 2740 ex
919 2694 1091 2740 ordin-e.
1160 2695 1331 2740 Contra
1351 2693 1679 2740 oscillationem
1700 2692 1909 2740 vasorum
1934 2693 2248 2745 minimorum,

202 2760 332 2805 nullo
366 2775 569 2818 unquam
592 2757 888 2818 microscopio
918 2756 1071 2804 visa-m.
1140 2755 1285 2804 Causa
1315 2770 1470 2804 motus
1500 2757 1651 2803 cordis
1677 2773 1773 2803 non
1804 2756 1860 2801 ab
1887 2756 2064 2807 anima,
2104 2771 2253 2816 neque

204 2839 229 2869 a
255 2823 433 2875 nervis,
468 2820 544 2867 sed
567 2820 849 2882 potiffimum
874 2821 928 2867 ab
954 2822 1207 2867 irritatione
1242 2821 1371 2868 valde
1396 2819 1688 2867 irritabilium
1713 2820 1917 2865 carnium
1939 2819 2068 2870 cieri..

333 2904 445 2949 Non
465 2900 675 2962 separabo
698 2903 896 2962 ejusdem
931 2903 1083 2963 operis
1098 2902 1358 2955 volumina,
1381 2899 1456 2947 etfi
1478 2901 1554 2946 alii
1574 2897 1913 2946 intercefl‘erunt
1938 2899 2124 2946 labores.
2162 2901 2254 2945 To-

204 2981 305 3012 mus
330 2966 388 3011 ΙΙ.
421 2966 592 3024 prodiit
615 2965 836 3014 Lausann‚
861 2979 993 3028 1759.
1016 2965 1113 3027 4.*‚
1145 2964 1330 3014 recusus
1360 2964 1584 3021 Neapoli,
1614 2963 1777 3010 Vener.
1807 2967 1938 3025 1766.
1960 2970 2035 3023 4,*
2067 2965 2108 3009 &
2141 2963 2253 3030 Ger-

272 3027 417 3091 (Bibl,
442 3031 579 3081 Anat.
606 3034 657 3099 T·
678 3033 769 3092 11.)
1382 3027 1426 3089 D
1452 3027 1478 3073 d
2078 3038 2249 3072 mansee
