2531 3394
742 123 782 174 §-
815 126 926 178 928.
994 120 1380 171 ALBERTUS
1417 133 1524 171 von
1569 122 1873 183 HALLER.
2223 138 2315 178 211

262 247 448 295 Motum
478 245 667 300 insitum
687 264 856 297 nervus
886 266 984 298 non
1007 250 1139 311 regit.
1205 247 1513 297 Phaen'omena
1540 262 1694 297 motus
1719 252 2015 307 muscularis3
2063 255 2314 304 contractio

261 314 477 358 carnium·
498 314 720 367 maxima,
759 315 801 360 &
832 315 966 376 longe
988 314 1158 372 major,
1196 329 1332 373 quam
1356 314 1499 360 tertiae
1521 315 1660 374 partis
1686 318 2013 376 longitudinis;
2047 319 2121 366 sed
2146 319 2313 380 absque

259 376 447 434 pallore.
516 377 648 424 Vires
669 378 889 425 immanes
911 378 967 424 ab
990 375 1264 423 insectorum
1292 376 1506 424 musculis
1527 376 1727 424 exsertae.
1797 378 1940 425 Causa
1962 395 2113 429 motus
2138 384 2314 430 muscu-

260 439 381 485 laris.
450 439 647 487 Videtur
669 454 819 488 motus
844 442 1062 487 naturalis
1092 457 1118 486 a
1149 440 1331 487 stimulo
1366 457 1535 488 nerveo
1567 443 1735 501 augeri.
1802 443 2020 502 Motuum
2044 443 2312 504 spontaneo-

258 518 360 549 rum
386 519 410 549 a
441 506 710 552 voluntariis
740 503 1011 557 discrimen,
1047 505 1091 550 &
1117 505 1215 565 ejus
1244 501 1388 551 causa.
1457 506 1632 552 Contra
1648 520 1743 552 eam
1774 508 1917 566 legem
1936 540 1949 559 ,
1983 504 2189 554 effectum
2208 526 2308 555 cau-

258 564 305 612 sa
318 583 414 612 non
430 567 546 627 posse
559 570 772 629 majorem
789 567 870 615 effe
880 587 894 621 3
932 584 1036 614 cum
1050 579 1203 615 tamen
1217 570 1328 615 levis
1343 571 1472 616 nervi
1482 569 1677 616 irritatio
1688 570 1737 616 in
1752 569 1957 616 musculo
1973 571 2313 618 convulfionem

221 689 226 694 ⁸
257 630 373 677 cieat
399 633 580 678 millena
606 633 759 692 pondo
783 630 1108 679 sublevantem.
1177 633 1352 679 Contra
1381 634 1579 681 animam
1607 646 1663 681 ut
1694 631 1873 681 causam
1904 646 2058 682 motus
2092 633 2312 681 muscula-

259 694 335 741 εἰς.
407 696 615 756 ὃυὶήεέὲει
645 696 706 741 est
740 709 950 742 anatome
978 695 1151 741 cerebri
1174 694 1321 756 piscis.

388 776 444 823 T.
462 777 520 822 V.
560 775 783 823 L-ausann.
811 782 948 834 1763.
975 775 1057 835 4*
1118 775 1295 824 Sensus.
1363 777 1477 825 Fufe
1514 778 1568 825 de
1600 777 1924 840 perspiratione
1954 777 2226 832 insensibili,
2262 796 2318 826 ex

259 840 396 886 variis
426 840 841 900 experimentorum
881 840 1148 888 auctoribus
1188 843 1375 888 collecta
1408 843 1581 889 relatio.
1666 845 1845 904 Papillae
1876 844 2047 906 linguae
2087 846 2127 890 ὁὶ
2161 859 2315 890 carum

258 904 403 949 nervi.
473 901 588 950 Vasa
618 906 660 950 ἃ
696 905 826 950 nervi
857 902 1027 951 nasales
1061 907 1103 951 ἃ
1133 905 1326 952 odorum
1367 904 1529 953 classes.
1613 909 1800 954 Arteria:
1837 908 2038 954 dentales
2075 910 2314 967 pleraeque.

257 965 370 1013 Fuse
395 967 529 1012 etiam
558 967 612 1012 de
633 968 755 1014 oculi
782 982 1006 1021 anatome,
1044 969 1180 1015 etiam
1207 983 1476 1029 comparata.
1544 971 1719 1017 Contra
1743 971 1878 1018 fibras
1904 972 2141 1018 circulares
2167 970 2313 1017 iridis.

256 1031 460 1089 Lentem
483 1030 782 1093 crystallinam
817 1049 841 1078 a
863 1048 999 1078 muco
1033 1030 1221 1079 firmari.
1290 1035 1404 1081 Tres
1434 1034 1590 1081 retinae
1619 1036 1811 1083 laminae.
1879 1035 2054 1082 Contra
2078 1036 2317 1082 MAR10T-

257 1107 372 1140 Tum
405 1111 460 1140 cx
485 1108 692 1141 anatome
719 1108 991 1155 comparata.
1062 1097 1267 1143 Oculum
1290 1097 1345 1143 ad
1374 1096 1569 1145 diversas
1589 1098 1821 1145 distantias
1843 1115 1940 1145 non
1964 1099 2148 1147 mutari.
2215 1099 2316 1145 Me-

256 1158 413 1204 moriae
440 1159 582 1206 mirus
608 1157 952 1206 mechanisnius.
1019 1160 1185 1206 Anima
1209 1162 1475 1221 incorporea
1498 1161 1572 1208 est.
1642 1163 1756 1223 Opii
1780 1164 1865 1210 vis.

385 1241 441 1286 T.
465 1241 547 1287 VI.
586 1241 798 1301 Getting.
822 1245 956 1300 1764.
982 1239 1065 1300 4.*
1131 1242 1216 1287 Pro
1239 1241 1479 1288 RAVJANA
1507 1243 1827 1290 articulatione
1849 1244 2044 1291 maxillae
2070 1243 2316 1291 inserioris.

258 1302 371 1350 Fuse
401 1303 455 1349 de
485 1306 696 1352 ductibus
727 1303 1011 1357 salivalibus,
1061 1304 1224 1352 duetus
1248 1305 1303 1350 ad
1334 1307 1717 1354 STENONIANUM
1747 1305 2024 1355 accefforius.
2090 1310 2318 1355 Anatome

257 1380 515 1427 comparata
539 1370 812 1422 ventriculi,
847 1369 942 1429 ejus
966 1367 1132 1415 fabrica
1158 1367 1410 1416 musculosa
1438 1372 1587 1416 verior
1606 1389 1620 1423 3
1666 1372 1763 1432 ejus
1790 1370 2001 1418 cellulosa
2031 1373 2119 1419 tela
2145 1372 2277 1434 tertia
2300 1389 2313 1418 ;

257 1431 313 1477 de
343 1444 507 1478 natura
536 1431 655 1479 succi
689 1432 865 1494 gastrici
897 1433 1219 1493 experimenta.
1301 1433 1625 1480 Ventriculum
1655 1435 1923 1482 irritabilem
1951 1434 2033 1482 effe
2065 1438 2107 1482 &
2137 1447 2317 1482 contra-

256 1496 422 1541 &ilem
489 1495 688 1556 Chylum
711 1513 809 1542 non
835 1495 955 1542 nasci
987 1513 1012 1542 a
1040 1494 1407 1543 fermentatione.
1476 1499 1680 1545 Omenta
1715 1500 1857 1551 varia,
1925 1500 2123 1560 Simplex
2148 1497 2316 1545 fabrica

256 1559 404 1606 lienis.
475 1561 645 1620 Utique
672 1561 891 1619 majorem
916 1571 1088 1620 partem
1118 1558 1351 1620 sanguinis
1384 1577 1509 1607 venae
1533 1561 1808 1610 umbilicalis
1840 1578 1919 1622 per
1940 1562 2079 1624 hepar
2109 1561 2313 1609 transire,

255 1623 312 1669 In
342 1622 499 1683 hepate
524 1626 684 1685 utique
713 1626 845 1670 bilem
878 1622 1014 1670 nasci.
1082 1624 1257 1670 Contra
1279 1625 1442 1671 duetus
1467 1624 1826 1686 hepaticysticos.
1893 1629 2005 1674 Non
2039 1629 2088 1673 in
2119 1624 2314 1673 vesicula

175 1698 187 1702 ²
255 1687 401 1736 bilem,
421 1689 580 1748 parari.
649 1689 801 1735 Lienis
825 1686 1178 1734 sustentaculum
1201 1703 1226 1733 a
1247 1686 1472 1735 mesocolo
1495 1702 1671 1744 natum,
1706 1689 1905 1752 situsque
1930 1691 2176 1738 variabilis.

384 1770 442 1816 T.
461 1770 566 1815 Vn.
596 1768 821 1817 Lausann.
850 1777 984 1827 1765.
1021 1768 1104 1828 4.*
1168 1769 1449 1817 Duodenum
1481 1782 1662 1818 tantum
1698 1774 1740 1819 &
1771 1774 1997 1833 reliquum
2030 1785 2169 1819 tenue
2199 1771 2314 1818 inte-

256 1832 425 1879 stinum
453 1846 685 1886 numerat,
717 1832 776 1879 fio
799 1834 936 1879 colon
963 1836 1005 1880 &
1025 1836 1212 1880 redium.
1281 1835 1352 1880 De
1376 1834 1579 1881 duodeni
1604 1834 1704 1882 sede
1731 1837 1781 1883 in
1805 1836 2044 1883 mesocolo.
2112 1836 2314 1882 Cellulo·

254 1895 302 1943 {a
323 1896 643 1943 intestinorum
667 1899 756 1944 tela
779 1898 937 1951 tertia,
973 1909 1125 1944 motus
1156 1914 1315 1944 eorum
1338 1900 1503 1946 varius.
1574 1899 1771 1947 Valvula
1794 1902 1882 1947 coli
1911 1902 1962 1948 in
1982 1900 2120 1948 variis
2145 1900 2313 1946 anima-

256 1962 391 2008 libus.
460 1961 602 2006 Venae
633 1964 797 2007 latfteae.
865 1961 1099 2009 Urachum
1136 1962 1295 2022 utique
1325 1962 1379 2008 ad
1413 1963 1682 2009 umbilicum
1714 1962 1854 2025 usque
1885 1981 2047 2011 cavum
2074 1961 2154 2010 effe
2172 1983 2185 2015 5
2235 1979 2314 2022 per

256 2023 517 2071 funiculum
539 2026 800 2071 continuari
825 2041 920 2071 non
945 2024 1078 2085 posse.
1147 2027 1218 2072 De
1240 2025 1425 2072 testibus
1453 2025 1630 2086 copiose
1652 2045 1663 2073 :
1699 2044 1775 2075 eos
1799 2029 1919 2074 intra
1944 2029 2168 2075 abd-omen
2193 2025 2312 2073 fetus

257 2090 383 2150 poni,
417 2091 456 2134 ὅ(
479 2086 618 2135 serius
642 2089 690 2134 in
715 2087 912 2135 scrotum
935 2087 1215 2143 descendere,
1246 2102 1351 2136 ante
1369 2091 1631 2144 PoTTmM,
1663 2095 1703 2138 &c
1722 2094 1831 2139 alios
1850 2093 1980 2139 vidit.
2049 2092 2119 2138 Ex
2139 2093 2314 2149 aliquot

255 2152 552 2199 'cadaveribus
587 2151 767 2198 finuum
803 2152 997 2199 urethrae
1036 2153 1290 2199 varietates.
1376 2154 1564 2200 Arteriae
1601 2153 1849 2216 capsulares
1885 2157 2024 2202 trium
2067 2155 2309 2206 ordinum,

253 2217 513 2268 uretericae,
552 2221 724 2262 arteriae
766 2217 934 2275 pelvis,
972 2215 1335 2263 haemorrhoidea
1377 2218 1524 2263 media
1551 2219 1633 2265 &a
1703 2220 1775 2265 De
1807 2221 2066 2266 vermiculis
2088 2216 2312 2264 seminali-

258 2279 344 2325 bus
372 2277 580 2339 copiose:
630 2281 841 2326 animalia
862 2279 968 2333 else,
1001 2278 1186 2326 seminis
1209 2280 1391 2327 nativos
1420 2279 1635 2341 hospites.
1720 2284 1934 2329 Mammae
1962 2296 2203 2343 earumque
2229 2280 2313 2327 du-

260 2346 374 2390 (stus.
443 2344 574 2390 Uteri
602 2341 770 2390 fabrica
796 2346 835 2390 &
859 2346 1048 2417 vaginae.
1119 2342 1300 2395 Menses
1329 2357 1483 2391 tamen
1503 2345 1649 2392 videri
1671 2362 1696 2392 a
1721 2345 1930 2407 plethora
1955 2345 2051 2394 else.

385 2442 440 2488 T.
457 2442 584 2487 VIII.
617 2440 842 2489 Lausann.
868 2448 999 2500 1766<
1024 2445 1102 2501 4*
1168 2441 1478 2504 Copiofiffime
1499 2444 1554 2490 de
1575 2455 1671 2491 tota
1691 2448 1995 2506 generatione,
2027 2445 2310 2506 graviditate‚

260 2518 408 2566 partu.
478 2506 754 2552 Animalium
779 2504 916 2559 scala,
956 2524 1056 2566 quae
1084 2505 1251 2566 absque
1278 2506 1388 2553 sexu
1412 2505 1550 2561 funt,
1591 2509 1634 2555 &
1662 2525 1718 2555 ex
1751 2521 1871 2568 parte
1910 2509 1979 2556 sui
2011 2510 2196 2556 decidua
2231 2525 2314 2553 no-

259 2586 370 2616 vum
396 2569 561 2615 animal
590 2582 811 2627 reparant.
884 2573 1001 2626 Qae
1028 2587 1167 2615 ovum
1195 2571 1360 2629 reliqui
1388 2572 1589 2630 corporis
1618 2569 1824 2618 diffimile
1857 2575 2055 2632 pariunt.
2126 2571 2312 2628 Quibus

258 2635 305 2681 Et
333 2649 419 2680 ova
447 2631 552 2678 sunt
583 2635 624 2679 ἅ
647 2630 853 2677 masculae
887 2648 1045 2691 partes.
1117 2636 1236 2690 Quae
1265 2632 1358 2679 so-la
1381 2650 1478 2680 non
1505 2632 1742 2682 sufficiunt
1775 2637 1830 2681 ad
1858 2637 2192 2695 generationem
2215 2669 2227 2687 ,
2267 2637 2311 2682 &

263 2698 404 2743 altero
441 2694 508 2742 sui
539 2696 714 2755 generis
746 2697 986 2741 individuo
1026 2710 1188 2753 egent,
1222 2710 1277 2744 ut
1313 2713 1487 2743 novum
1519 2699 1688 2744 animal
1718 2697 1938 2744 nascatur.
2032 2696 2327 2758 Androgyna'

265 2758 421 2807 clasfis.
506 2761 701 2806 Demum
727 2776 775 2804 ea
795 2793 807 2811 ,
848 2760 978 2818 cujus
1009 2761 1093 2805 alia
1126 2760 1364 2807 individua
1394 2758 1588 2808 mascula
1623 2760 1755 2813 sunt,
1805 2763 1887 2807 alia
1919 2759 2139 2808 feminina
2160 2779 2173 2806 ε
2219 2761 2312 2809 istae

264 2840 350 2870 ova
376 2822 570 2875 habent,
607 2822 680 2869 sed
711 2825 893 2868 illorum
925 2821 1195 2869 fecundante
1218 2821 1352 2870 succo
1376 2837 1536 2883 egent,
1572 2823 1660 2871 five
1689 2825 1726 2870 is
1747 2826 1846 2870 ovis
1870 2827 1959 2884 jam
1985 2823 2136 2884 positis
2160 2824 2313 2885 super-

260 2886 504 2939 fundatur,
542 2885 688 2932 sivein
702 2903 863 2941 corpus
885 2885 1060 2932 femina:
1075 2889 1338 2943 expellatur.
1406 2888 1737 2936 Haecanimalia
1752 2885 2041 2947 seremajora,
2075 2889 2314 2936 mobilior-a

263 2948 372 2998 sunt
391 2952 589 3012 &magis
601 2949 858 3012 composita.
926 2950 1143 2998 Veliculae
1159 2951 1302 3000 ovarii
1317 2968 1412 2997 non
1426 2949 1532 2999 sunt
1543 2968 1645 3007 ova,
1679 2949 1754 2998 sed
1771 2964 1919 3005 tumet
1933 2969 2086 3001 earum
2103 2957 2310 3006 maxima,

1285 3015 1330 3062 D
1352 3015 1381 3062 d
1414 3027 1444 3066 2
2135 3026 2305 3077 crepat,
