2531 3394
684 118 729 168 §-
766 119 874 171 928.
944 114 1329 166 ALBER'B'US
1381 127 1492 164 von
1536 114 1857 172 HALLER.·‘
2202 136 2293 185 21⁷3

375 245 504 289 Dezrx
531 242 760 289 Me'moires
781 242 863 301 firr
892 241 1189 305 laformation
1218 241 1290 289 cles
1318 258 1362 288 05
1392 240 1615 290 Laufann.
1642 254 1777 303 1758.
1803 246 1911 297 12*
1975 252 2133 301 Latine
2154 257 2197 302 Sc
2217 272 2298 302 au-

244 305 359 352 &ius
392 307 440 351 in
468 306 522 352 T.
541 306 596 352 11.
627 323 740 369 oper.
771 313 926 354 minor.
998 309 1100 353 Hoc
1121 305 1390 365 opusculum
1413 322 1516 352 cum
1540 309 1680 367 priori
1706 324 1863 357 natum
1887 311 1963 365 est,
2002 332 2103 363 cum
2128 320 2175 365 in
2191 319 2295 379 ipsis

242 371 377 429 pullis
406 368 635 415 videretur
658 368 737 417 sibi
765 371 1003 423 AUCTOR,
1050 368 1092 415 se
1126 368 1290 416 offium
1325 367 1648 416 formationem
1679 373 1812 419 vitris
1850 380 2118 434 augentibus
2149 399 2173 427 a
2206 384 2295 441 pri-

241 435 327 479 mis
357 432 615 493 primordiis
645 432 861 493 speculari
883 432 1015 494 poffe.
1085 433 1276 482 Perinde
1306 433 1446 492 priori
1470 437 1796 482 commentario
1824 441 2150 496 experimenta,
2187 448 2296 492 alte-

240 511 293 542 ro
318 498 554 543 corollaria
575 513 735 544 eorum
759 498 896 544 dedit.
968 496 1261 558 Cartilaginis
1283 496 1429 550 initia,
1463 510 1625 545 natura
1659 499 1920 560 gelatinosa,
1958 518 2060 548 cum
2087 508 2293 556 nondum

239 560 464 620 quidquid
489 561 719 621 adpareret
750 559 867 606 offei.
938 561 1118 620 Corpus
1147 558 1276 612 offis,
1316 560 1439 621 quod
1465 560 1612 621 ipsum
1643 575 1795 609 totum
1824 566 2040 626 cartilago
2072 566 2174 621 fuit,
2206 574 2294 630 pri-

240 639 365 669 mum
400 637 609 671 naturam
637 636 808 675 mutat,
838 625 972 684 'rugis
998 637 1302 683 percurritur,
1340 640 1532 684 opacum
1565 624 1647 679 fit,
1686 627 1965 674 flexilitatem
1987 633 2169 677 amittit.
2239 635 2294 681 In

240 704 293 733 eo
329 688 492 748 incipit
525 688 717 735 tubulus
751 688 876 733 intus
902 689 1136 734 excavari,
1174 701 1286 736 tunc
1315 689 1492 734 laminae
1521 687 1748 744 secedere,
1784 694 1824 738 &
1857 704 2021 738 natura
2059 696 2294 742 alveolaris

238 768 462 812 apparere.
532 750 804 798 Periol'teum
835 762 971 797 tenue
989 785 1002 804 ‚
1041 748 1169 797 facile
1193 750 1435 811 separabile
1455 785 1467 804 ‚
1508 751 1666 799 sensim
1699 753 1944 808 eralsescit,
1992 758 2034 802 &
2060 757 2115 802 ad
2144 765 2195 804 os
2220 760 2295 804 ad-

237 815 392 862 haeret.
479 813 601 861 Vasa
623 815 815 860 nutritia
841 830 989 861 ramos
1019 813 1402 862 numerosiffimos
1428 815 1547 861 inter
1575 818 1763 864 laminas
1798 820 2042 873 emittunt,
2076 822 2187 868 alios
2215 838 2293 881 per

238 881 506 926 alveolarem
520 890 705 938 partem.
743 877 820 924 Isti
834 879 930 938 ejus
946 879 1084 939 partis
1098 877 1236 924 finem
1249 877 1497 939 perforant,
1518 880 1751 927 abeunt-,in
1763 883 2094 943 cartilagineam
2109 884 2295 945 epiphy-

234 942 328 995 sm,
366 959 442 1002 per
467 943 680 988 laminam
707 942 843 988 cribri
876 943 1012 988 modo
1044 941 1331 1002 perforatam.
1401 943 1456 989 In
1489 943 1689 1004 epiphyfi
1720 948 1909 993 nucleus
1943 948 1992 993 in
2022 947 2169 995 media
2201 965 2296 996 car-

234 1007 420 1066 tilagine
448 1005 590 1052 offeus
621 1004 844 1059 nascitur,
883 1006 937 1052 de
968 1006 1100 1066 cujus
1130 1007 1260 1052 omni
1286 1007 1460 1053 ambitu
1493 1006 1596 1053 vasa
1630 1008 1933 1056 efflorescunt.
2010 1011 2295 1060 Incrementa

236 1068 338 1116 offis
363 1068 520 1115 senfim
547 1071 737 1115 minora.
807 1071 1022 1122 Laminae,
1055 1086 1215 1115 eorum
1252 1068 1378 1116 fibra?
1405 1073 1446 1116 &
1476 1069 1591 1117 vasa.
1675 1073 1948 1120 Periosteum
1981 1089 2295 1134 neque‘mate-

234 1135 344 1180 riem
370 1132 473 1180 offis
501 1131 608 1186 effe,
645 1150 790 1193 neque
819 1134 1072 1180 modulum.
1164 1135 1393 1180 Formatio
1423 1132 1586 1180 offium
1616 1152 1640 1181 a
1666 1137 1812 1183 cordis
1839 1138 1884 1183 vi
1915 1138 2097 1185 arterias
2123 1139 2294 1200 produ-

234 1210 378 1244 cente.
475 1197 541 1243 Ad
571 1195 659 1243 offa
684 1197 1031 1258 quadrupedum
1058 1198 1099 1244 ὃς
1127 1196 1310 1244 dentem
1334 1196 1584 1258 elephantis
1610 1198 1862 1255 exsertum,
1904 1202 1954 1248 in
1981 1204 2118 1263 quem
2144 1204 2293 1250 media

231 1263 360 1323 glans
382 1263 586 1321 impadta.

345 1347 551 1390 Me'moire
553 1343 633 1402 fier
638 1341 846 1404 plusieurs
847 1341 1122 1405 phenomenes
1135 1347 1374 1406 importans
1385 1343 1436 1390 de
1446 1345 1487 1390 la
1498 1346 1755 1407 respiration
1774 1344 2008 1395 [ausanne
2026 1355 2159 1408 1758.
2184 1347 2293 1398 12*

233 1409 274 1454 &c
300 1408 475 1453 auetius
500 1409 549 1452 in
573 1420 685 1467 oper.
711 1412 862 1454 minor.
892 1409 947 1455 T.
964 1409 1000 1454 I.
1069 1410 1243 1455 Priores
1266 1420 1465 1468 quatuor
1502 1410 1593 1467 (r)
1627 1424 1775 1471 partes
1799 1413 2215 1473 experimentorum
2235 1415 2290 1460 de

228 1469 520 1531 respiratione
543 1469 617 1516 hic
640 1484 934 1531 repetuntur,
970 1471 1045 1518 sed
1075 1484 1184 1519 totae
1208 1484 1420 1525 mutatae,
1457 1485 1510 1519 ut
1537 1475 1663 1520 nulla
1690 1474 1783 1521 litis
1812 1473 1978 1535 species
2002 1475 2213 1538 superfit,
2247 1480 2291 1526 8:

230 1533 374 1595 ipsum
399 1536 745 1582 HAMBERGERI
774 1552 943 1581 nomen
970 1534 1191 1596 nusquam
1216 1534 1486 1596 proferatur.
1555 1538 1610 1583 In
1636 1539 1680 1584 P.
1697 1538 1728 1583 I.
1766 1538 2100 1587 demonstratur
2133 1542 2202 1588 vis
2229 1543 2292 1588 le-

230 1615 342 1645 vans
373 1597 682 1645 musculorum
701 1599 1055 1646 intercostalium
1082 1601 1387 1653 internorum,
1413 1603 1455 1646 &
1477 1600 1754 1661 objedtiones
1775 1600 2031 1650 solvuntur.
2081 1605 2137 1651 In
2166 1606 2213 1652 P.
2228 1606 2288 1653 11.

229 1661 583 1723 diaphragmatis
611 1661 803 1716 functio,
843 1665 885 1709 ἃ
912 1665 980 1710 vis
1010 1665 1163 1724 gulam
1197 1663 1419 1724 stringens
1444 1666 1486 1710 ἀ
1520 1681 1681 1712 venam
1710 1682 1879 1713 cavam.
1967 1668 2023 1714 In
2052 1668 2097 1714 P.
2114 1669 2196 1715 111.
2233 1669 2289 1716 de

228 1733 358 1773 aereo
385 1725 527 1787 spatio
552 1726 761 1773 thoracis.
831 1726 1129 1779 Ostenditur,
1165 1739 1221 1773 ut
1245 1728 1295 1773 in
1322 1728 1507 1780 avibus,
1548 1729 1714 1788 quibus
1733 1729 1793 1775 est
1822 1730 2049 1790 ejusmodi
2073 1729 2288 1793 spatium.

227 1793 468 1850 pulmones
492 1791 618 1837 aliter
642 1789 684 1836 se
709 1790 918 1836 habeant.
986 1792 1033 1837 P.
1059 1791 1144 1838 IV.
1164 1791 1218 1836 de
1236 1788 1472 1838 submersis
1487 1789 1569 1837 sub
1595 1795 1752 1852 aquis:
1800 1793 1851 1839 in
1875 1794 2040 1854 quibus
2067 1799 2286 1844 AUCTOR

229 1857 271 1900 Sc
301 1856 348 1900 in
374 1856 588 1914 pulmone
618 1856 659 1900 &
684 1855 734 1900 in
762 1855 1018 1900 ventriculo
1043 1870 1206 1914 aquam
1230 1857 1406 1914 reperit.
1473 1856 1669 1902 Nullum
1691 1873 1846 1903 eorum
1875 1859 2158 1913 animalium,
2184 1877 2286 1920 quae

226 1917 308 1964 sub
344 1935 458 1978 aqua
484 1916 653 1964 versata
681 1916 887 1971 fuerant,
926 1916 1129 1965 suscitari
1161 1920 1338 1979 potuit,
1371 1916 1450 1966 etsi
1481 1919 1536 1966 ab
1570 1921 1780 1969 eled‘trico
1816 1922 1911 1969 ictu
1945 1919 2105 1984 utique
2141 1939 2287 1985 nuper

226 1983 396 2029 mortui
424 1983 628 2028 animalis
654 1994 777 2028 artus
801 1980 989 2042 percuffi
1014 1983 1264 2043 agitantur.

354 2065 531 2111 Tomus
561 2064 644 2110 IV.
691 2063 762 2110 des
798 2067 1026 2110 Me'moires
1050 2063 1132 2122 sur
1173 2064 1232 2110 les
1255 2068 1425 2125 parties
1458 2064 1655 2125 senfibles
1686 2064 1746 2123 ἓξ
1783 2066 2001 2116 irritables
2048 2065 2285 2118 Lausanne

228 2141 364 2188 1759.
390 2130 493 2176 123*
532 2129 764 2175 HALLER1
794 2127 882 2181 est,
919 2144 1022 2173 cum
1052 2128 1221 2191 priores
1245 2128 1332 2175 sint
1361 2130 1593 2176 variorum
1628 2132 1696 2178 Cl.
1727 2131 1948 2179 virorum.
2017 2135 2072 2181 In
2100 2150 2154 2180 eo
2177 2151 2286 2180 con-

224 2194 411 2246 tinetur,
454 2205 490 2238 1.
511 2192 660 2238 brevis
672 2191 1023 2238 commentarius
1035 2190 1090 2237 ad
1108 2189 1287 2251 pulsum
1304 2209 1430 2239 venae
1444 2195 1722 2253 pulmonalis
1737 2196 1986 2255 pertinens,
2018 2200 2059 2243 ὁὶ
2074 2199 2128 2257 ad
2144 2198 2187 2243 id
2209 2214 2285 2244 ex·

224 2257 555 2317 perimentum,
592 2271 683 2315 quo
712 2256 838 2301 vinci
861 2255 1155 2307 credebatur,
1193 2267 1347 2302 tamen
1378 2258 1429 2303 in
1464 2258 1576 2304 dura
1613 2260 1783 2305 cerebri
1813 2260 2072 2307 membrana
2103 2259 2283 2309 sensum

223 2318 306 2365 effe
326 2338 340 2365 ε
386 2331 427 2365 2.
459 2321 626 2380 reponfi²
652 2320 852 2381 generale
881 2337 970 2364 aux
1002 2318 1250 2376 objerfflions,
1293 2320 1433 2374 latine
1469 2322 1644 2369 reddita
1683 2324 1732 2369 in
1758 2335 1869 2384 oper.
1898 2329 2050 2370 minor.
2084 2325 2217 2372 Tom.
2243 2327 2280 2372 Ι.

224 2384 314 2430 Hic
338 2385 587 2428 multorum
609 2383 658 2428 in
677 2386 908 2429 auetorem
936 2383 1215 2444 objeetiones
1241 2384 1539 2444 colliguntur,
1565 2388 1606 2433 ἃ
1630 2403 1685 2432 ex
1713 2387 1815 2433 imis
1841 2403 1990 2433 rerum
2014 2386 2282 2434 fundamen-

223 2447 282 2493 tis
313 2448 512 2498 eruitur,
550 2462 662 2491 num
687 2447 837 2506 aliqua
865 2447 914 2492 in
948 2447 1003 2492 iis
1043 2446 1379 2505 objectionibus
1410 2450 1452 2494 ὃς
1481 2449 1532 2496 in
1567 2449 1925 2496 adversariorum
1959 2452 2279 2509 experimentis

222 2512 291 2556 vis
319 2508 386 2556 sit.
457 2509 682 2555 Animalia
703 2509 906 2554 dolorem
930 2508 1063 2556 suum
1095 2525 1190 2554 non
1214 2507 1517 2565 diffimulare3
1558 2526 1748 2560 eventus
1768 2513 2142 2561 constantissimos
2170 2513 2280 2566 fuis-¹

222 2571 292 2626 se,
324 2588 541 2633 paresque
568 2573 617 2618 in
644 2570 908 2618 hominibus
924 2591 937 2623 ς
975 2589 1100 2632 pares
1131 2573 1267 2618 etiam
1291 2589 1316 2618 a
1336 2589 1530 2621 numero
1560 2579 1741 2638 exiguo,
1776 2591 1857 2624 aut
1879 2579 2005 2623 nullo
2030 2594 2278 2624 nervorum

224 2635 466 2698 exspectari
491 2633 708 2695 potuiffe,
745 2635 795 2680 in
820 2635 874 2680 iis
903 2636 1106 2694 partibus
1131 2635 1534 2694 reperiundorum,
1569 2640 1623 2685 de
1660 2657 1857 2701 quorum
1891 2639 2021 2686 sensu
2049 2642 2279 2700 quaereba-

221 2713 312 2746 tur.
381 2701 527 2746 Etiam
549 2696 824 2745 adversarios
851 2711 1042 2744 eventus
1063 2696 1248 2744 suorum
1285 2697 1446 2747 similes
1470 2702 1637 2749 vidiffe.
1707 2705 1752 2751 Si
1781 2705 1892 2750 alios
1917 2704 2115 2751 viderint
2133 2738 2144 2758 ,
2179 2722 2278 2753 non

209 2762 325 2810 >satis
359 2762 442 2809 fibi
467 2764 520 2809 ab
543 2763 770 2808 erroribus
807 2759 992 2813 eaviss'e3
1040 2777 1145 2806 nam
1187 2763 1228 2807 &
1265 2761 1404 2809 fluida
1429 2780 1603 2812 venena
1631 2765 1900 2826 profudiffe,
1946 2783 2046 2826 quae
2082 2769 2131 2814 in
2167 2770 2274 2816 alias

207 2840 368 2887 -partes
402 2828 718 2873 dimanarent:
767 2827 808 2870 &
842 2825 976 2871 nimis
1006 2826 1149 2870 multa
1176 2825 1322 2870 eidem
1356 2828 1762 2890 animalidvulnera
1789 2829 2018 2883 inflixisse,
2067 2843 2146 2878 aut
2175 2848 2275 2878 ner·

222 2906 306 2939 vos
331 2907 430 2938 non
456 2907 509 2938 eo
543 2888 791 2951 specstantes
819 2885 978 2936 laefiffe.
1046 2889 1241 2936 Nullum
1245 2903 1338 2999 [3¹21
1353 2892 1450 2940 ullo
1470 2893 1782 2954 experimento
1802 2909 1935 2957 grave
1953 2895 2124 2942 malum
2152 2895 2276 2942 laesos

1373 2964 1398 3010 3
2067 2959 2274 3006 tendines

274 3014 416 3067 (01³-
