2531 3394
817 106 864 166 ς.
903 114 1040 157 1116.
1109 106 1275 158 ROB.
1321 92 1640 156 WHYTT.
2172 118 2273 172 467

217 259 291 290 ma
314 242 364 288 in
390 250 493 288 toto
526 256 713 300 corpore
749 237 933 294 sentiat,
978 238 1048 287 sui
1076 238 1232 287 sensus
1265 240 1474 301 equidem
1507 237 1589 285 fibi
1618 254 1716 284 non
1749 239 1987 288 consciam.
2058 243 2271 290 Animam

215 305 402 354 relidere
423 306 472 351 in
496 305 727 365 particulis
754 304 808 350 de
833 321 1019 365 corpore
1051 302 1229 355 avulfis.
1300 306 1353 350 ln
1383 303 1599 350 omnibus
1639 305 1913 351 animalibus
1944 321 2079 366 caput
2114 306 2193 353 esse
2226 310 2270 354 &

214 385 405 422 nervos,
447 381 528 415 aut
554 369 723 429 aliquid
749 370 1003 429 analogum.
1073 368 1247 413 Ranam
1267 368 1412 427 capite
1442 365 1617 414 absmsto
1643 365 1787 419 salire,
1824 369 1865 414 ἃ
1892 368 2170 416 stimulatum
2200 388 2271 430 pe-

218 435 317 481 dem
349 431 610 485 adtrahere,
663 450 718 478 ex
761 431 986 479 confilio-
1032 432 1231 478 Irritatio
1267 430 1377 477 facit
1403 432 1837 484 inflammationem,
1885 448 1983 478 non
2008 434 2268 482 obstruc‘tio.

209 500 437 544 Austores
479 497 805 543 irritabilitatis.
896 497 1066 555 Utique
1102 497 1259 554 opium
1302 508 1506 541 naturam
1545 496 1813 542 irritabiiem
1848 496 1997 543 cordis
2030 497 2267 546 destruere.

215 562 461 609 Intervalla
489 560 710 607 costarum
739 573 892 606 tamen
917 558 1119 605 latescere
1144 561 1266 605 inter
1288 557 1618 619 inspirandum.

347 645 531 691 Novam
556 641 800 688 editionem
832 640 954 686 dedit
977 640 1246 703 Edinburgh
1276 648 1407 700 1761.
1437 644 1537 687 12*
1606 642 1742 688 Varia
1765 640 1942 701 adjecit.
2013 640 2273 690 Oscillatio-

216 724 323 754 nem
367 707 576 754 vasorum
626 708 922 751 minlmorum
967 718 1137 751 tuetur.
1238 707 1462 752 Corneam
1500 708 1620 752 oculi
1653 709 1855 752 tunicam
1895 717 2046 751 tamen
2079 704 2269 762 sentire,

218 774 261 819 δι
284 772 578 818 articulorum
596 766 808 829 capsulas.
876 769 1180 816 Irritationem
1206 768 1438 826 sanguinis
1452 771 1670 829 majorem
1703 771 1877 830 copiam
1898 770 1946 815 in
1967 767 2071 816 vasa
2094 772 2274 818 minora

217 836 462 882 adtrahere.
531 835 608 880 Me
655 849 774 878 cavae
809 849 937 878 venae
977 835 1070 880 vim
1100 836 1408 879 contrac'tilem
1447 836 1642 893 rejicere.
1729 834 1813 881 Sed
1857 850 2002 893 neque
2039 836 2088 880 in
2125 847 2269 881 morte

217 902 433 960 pupillam
463 898 651 944 dilatari.
722 898 811 943 Ens
830 897 951 942 aliud
979 899 1176 943 activum
1199 899 1238 943 &
1259 896 1459 944 sentiens
1489 914 1652 957 corpus
1680 900 1904 951 animare,
1945 898 2078 944 etiam
2106 897 2272 946 resecta

215 980 319 1010 cum
342 964 523 1009 cerebro
559 962 989 1007 communicatione.
1059 963 1194 1007 Nova
1220 961 1447 1021 adpendix
1482 975 1640 1007 contra
1668 979 1751 1007 me.
1822 963 1933 1008 Non
1959 963 2074 1008 bene
2103 975 2235 1024 putat
2253 997 2266 1017 ,

215 1044 240 1073 a
273 1044 342 1073 me
366 1043 547 1072 omnem
574 1026 724 1071 nervis
755 1027 1113 1070 contractionem
1143 1026 1298 1084 rejici2
1332 1026 1546 1085 (ΑιΒΙΝι
1582 1026 1718 1071 dubia
1744 1024 1818 1072 hic
1840 1026 2042 1086 carpit).
2102 1028 2269 1074 Ablato

216 1093 360 1151 capite
382 1107 500 1136 ranae
530 1090 756 1135 irritatum
784 1087 942 1147 pedem
969 1105 1064 1133 non
1087 1089 1275 1134 moveri.
1345 1090 1527 1149 Polypis
1558 1107 1654 1135 non
1677 1090 1837 1135 debere
1864 1102 1999 1150 caput
2027 1092 2068 1136 &
2106 1107 2270 1138 nervo-

217 1172 319 1202 rum
347 1154 531 1214 systema
558 1152 724 1213 negari.
795 1152 888 1197 Cor
920 1153 1080 1198 acriter
1104 1151 1282 1199 sentire.
1350 1155 1531 1200 Nervos
1563 1155 1764 1200 irritatos
1804 1167 1957 1200 tamen
1996 1154 2145 1201 cordis
2173 1172 2271 1201 mo-

217 1232 315 1266 tum
345 1220 602 1265 accelerare.
674 1217 850 1274 Opium
885 1219 1046 1276 utique
1084 1217 1231 1263 cordis
1266 1230 1444 1264 motum
1475 1219 1713 1264 lentiorem
1754 1218 1972 1270 reddere3
2022 1219 2069 1264 id
2096 1217 2267 1273 facere,

216 1284 326 1329 dum
356 1284 447 1327 vim
479 1295 723 1326 nervorum
751 1278 951 1326 destruit.
1024 1281 1345 1341 Experimenta
1371 1280 1449 1328 sua
1477 1280 1583 1328 fecit
1616 1283 1666 1327 in
1693 1283 1840 1335 ranis,
1881 1299 1959 1342 per
1992 1295 2136 1328 totam
2169 1284 2269 1330 lon-

213 1346 468 1408 gitudinem
498 1342 674 1396 divisis,
713 1360 868 1389 earum
898 1342 1051 1404 pulsus
1082 1347 1247 1404 reperit
1277 1346 1331 1391 ab
1359 1347 1467 1406 opio
1499 1347 1658 1392 minui.
1732 1346 1816 1393 Sed
1856 1347 1990 1393 etiam
2024 1345 2268 1394 sublimato

213 1409 437 1456 mercurio
463 1407 640 1469 pulsum
673 1406 764 1468 ipse
783 1408 1026 1462 diminuit,
1050 1422 1102 1456 ut
1127 1410 1176 1454 in
1199 1411 1326 1456 omni
1350 1410 1626 1456 moribundo
1653 1411 1846 1457 animale
1879 1409 2096 1457 lentescit.
2164 1412 2269 1459 Pul-

211 1472 284 1519 sus
323 1474 372 1520 in
407 1474 554 1533 primo
588 1474 769 1518 minuto
804 1488 1016 1519 numerat
1042 1473 1096 1520 ad
1130 1481 1244 1528 180,
1273 1476 1314 1520 ἃ
1339 1486 1446 1521 200.
1516 1476 1638 1521 Male
1666 1491 1737 1520 me
1760 1476 1918 1535 paucis
1945 1475 2269 1537 experimentis

211 1553 386 1584 novum
412 1535 600 1598 systema
627 1535 987 1597 superstruxiffe‚
1025 1538 1150 1598 quod
1174 1536 1265 1598 ipse
1293 1538 1520 1586 deleverit.

342 1620 417 1679 EJ.
460 1618 756 1679 Observations
779 1630 852 1664 ont
873 1617 942 1664 the
966 1636 1150 1666 nervom
1172 1617 1511 1681 hypochondriac
1529 1656 1541 1675 ‚
1574 1638 1624 1668 or
1648 1619 1820 1682 hysteric
1849 1621 2064 1681 disorders
2099 1623 2266 1671 Edinb.

217 1690 353 1742 1765.
382 1681 462 1736 8.*
496 1681 587 1744 ipse
618 1681 1072 1742 hypochondriacus,
1118 1685 1256 1744 longo
1297 1697 1402 1731 ante
1434 1699 1628 1732 mortem
1660 1698 1862 1746 tempore
1896 1689 2010 1733 led'to
2041 1688 2261 1735 addictus.

213 1750 306 1795 Dat
335 1748 466 1793 nobis
499 1746 586 1793 offa
607 1782 618 1799 ,
658 1749 698 1792 ἃ
725 1748 1008 1808 cartilagines
1029 1783 1040 1801 ,
1078 1750 1119 1794 &
1154 1748 1314 1794 duram
1349 1750 1657 1796 membranam
1695 1749 1876 1801 sentire.
1955 1751 2267 1812 Sympathiam

212 1829 310 1858 non
338 1811 417 1857 effe
442 1828 467 1857 a
492 1810 816 1870 conjunctione
839 1828 1068 1867 ramorum
1097 1828 1395 1866 nerveorum,
1438 1831 1541 1860 cum
1576 1813 1838 1874 sympathia?
1862 1814 2055 1868 dentur,
2099 1817 2267 1877 quibus

210 1878 347 1923 nullae
374 1875 597 1935 ejusmodi
624 1874 924 1922 anastomoses
952 1874 1268 1936 respondeant.
1339 1875 1552 1924 Adfectus
1591 1879 1731 1924 animi
1759 1879 1868 1925 oriri
1901 1879 1955 1925 ab
1985 1878 2267 1927 oscillatione

211 1938 422 1986 vasorum
448 1939 761 1985 minimorum.
828 1940 985 1987 Morbi
1020 1938 1410 2001 hypoehondriaci
1448 1959 1471 1987 a
1508 1943 1649 1988 nimio
1682 1959 1929 1988 nervorum
1968 1942 2098 1991 sensu
2127 1943 2263 1992 fiunt.

209 2002 368 2050 Pulsus
393 2004 560 2050 iterum
583 2014 794 2049 numerat
820 2003 875 2049 ad
898 2015 1004 2061 230.
1075 2003 1485 2052 Inflammationem
1513 2005 1613 2052 fieri
1648 2004 1923 2067 spasmodica
1950 2010 2263 2056 contractione

210 2066 419 2114 vasorum
442 2067 754 2113 minimorum.

333 2150 389 2196 In
401 2147 527 2211 cffzys
540 2148 629 2196 and
645 2148 931 2207 observatiam
950 2148 1143 2211 physical
1152 2150 1243 2198 and
1252 2150 1456 2211 litterary
1468 2152 1574 2199 read
1584 2152 1723 2214 befhre
1734 2170 1760 2198 ιι
1779 2156 1942 2213 Society
1958 2166 2005 2200 at
2017 2153 2263 2218 Edinburgh

212 2213 485 2274 Edinburgh
519 2226 654 2271 1754.
690 2211 768 2266 8.ἰν
801 2215 991 2273 quaerit,
1047 2231 1127 2261 cur
1158 2232 1235 2263 cor
1256 2215 1306 2261 in
1337 2218 1535 2263 naturali
1565 2216 1725 2264 somno
1757 2216 2092 2279 infrequentius
2123 2217 2263 2268 saliat.

211 2278 370 2324 Minus
393 2277 610 2324 irritabile
631 2277 772 2323 reddi.

342 2360 398 2406 T.
420 2359 478 2405 II.
505 2366 637 2417 1756.
663 2360 736 2412 8.*
753 2357 962 2407 describit
984 2360 1168 2407 buccini
1183 2360 1439 2407 Americani
1460 2373 1641 2408 uterum
1659 2365 1700 2410 &
1726 2362 1844 2411 fetus
1867 2363 2261 2412 numerosissimos.

341 2439 408 2487 lb.
448 2442 754 2500 experimenta
780 2440 834 2486 de
863 2438 1025 2488 effectu
1053 2442 1146 2502 opii
1179 2442 1229 2487 in
1261 2443 1398 2488 ranis.
1481 2444 1629 2490 Extus
1675 2446 1812 2492 etiam
1841 2446 2076 2493 admotum
2107 2448 2263 2508 opium

210 2503 561 2551 irritabilitatem
601 2503 841 2551 destruere.
940 2507 1054 2553 Non
1085 2504 1268 2552 videtur
1304 2518 1457 2552 tamen
1481 2509 1719 2555 commode
1754 2511 1808 2556 de
1833 2513 1879 2557 vi
1920 2524 2141 2557 venenata
2171 2511 2265 2570 opii

209 2567 326 2628 poffe
358 2568 574 2628 judicari,
621 2568 804 2627 quando
845 2569 1012 2616 animal
1043 2586 1120 2630 per
1148 2570 1346 2616 maxima
1386 2571 1577 2618 vulnera
1612 2590 1725 2633 pene
1753 2587 2003 2635 peremtum
2029 2573 2104 2621 est.
2174 2577 2265 2621 De-

210 2630 375 2679 strutsta
402 2630 600 2678 medulla
631 2630 793 2692 spinali
822 2648 900 2678 cor
932 2649 1028 2679 non
1055 2631 1293 2693 quiescere.
1585 2639 1593 2645 ‘

345 2715 558 2774 Denique
583 2712 707 2761 filius
733 2715 928 2761 auctoris
953 2715 1154 2775 ejusdcm
1181 2732 1286 2761 cum
1310 2716 1407 2764 ILL.
1430 2729 1554 2778 patre
1577 2721 1777 2766 nominis
1813 2719 1952 2765 edidit
1978 2719 2265 2782 Edinburghi

215 2791 252 2821 a.
279 2783 414 2833 1768,
443 2783 519 2836 4*
555 2776 622 2824 the
641 2776 781 2824 works
805 2779 857 2839 of
875 2779 1035 2826 Robert
1062 2780 1290 2827 WHYTT
1325 2779 1420 2836 &a
1459 2782 1678 2829 haetenus
1705 2796 1881 2828 mutato
1915 2799 2070 2843 opere,
2105 2797 2158 2830 ut
2184 2801 2263 2843 po-

215 2838 429 2887 tiiiimum
446 2876 458 2895 ‚
518 2858 619 2902 quae
649 2844 782 2902 paulo
809 2843 980 2890 acriora
1002 2843 1051 2889 in
1080 2859 1164 2890 nos
1189 2843 1363 2891 dixisset
1385 2880 1397 2899 ,
1445 2862 1551 2894 cura
1579 2850 1620 2894 &
1648 2846 1935 2894 humanitate
1975 2847 2064 2894 viri
2093 2849 2263 2895 nobilis

213 2899 415 2955 Johannia
434 2906 666 2954 PR1NGLE
687 2904 911 2956 Archiatri
941 2906 1028 2955 fint
1055 2907 1214 2955 deleta.

1187 3019 1411 3070 Nnnz
1874 3019 1922 3080 §.
1956 3020 2260 3072 MCXVIL
