2531 3394
256 147 348 192 212
659 131 790 184 ΝΒ.
842 115 931 182 ix.
999 121 1416 179 ANAroMEs
1467 121 1915 177 PERFAECTIO.

253 277 431 328 crepat,
468 264 691 325 liquorem
718 258 936 314 effundit,
974 258 1053 319 qui
1075 257 1126 303 in
1156 271 1316 317 verum
1342 270 1486 301 ovum
1510 253 1628 305 abit,
1662 264 1776 298 tunc
1803 250 2012 311 undique
2029 250 2143 297 villo
2177 244 2308 295 efflei

251 330 387 378 rescit
410 331 561 382 intus,
600 330 642 375 ἃ
667 327 716 374 in
743 341 906 386 corpus
934 325 1105 370 luteum
1137 320 1391 380 degenerat.
1473 319 1578 364 Ova
1607 315 1953 375 quadrupedum
1986 329 2133 373 neque
2170 325 2306 376 ovata

251 394 363 447 seise,
401 409 547 454 neque
572 392 683 438 adeo
719 388 974 450 praecociter
1004 381 1245 444 conspicua
1270 384 1409 429 reddi„
1489 381 1662 426 Contra
1689 381 2025 429 BUFFONIUM,
2063 377 2156 422 vim
2194 374 2306 421 stru-

253 460 438 505 astricem
476 456 666 508 animae,
714 456 756 500 Sc
793 455 1274 498 LEEUWENHOECKH
1308 444 1594 493 vermiculos.
1688 445 1850 490 Semeu
1877 438 2128 488 masculum
2160 438 2306 485 videri

253 521 426 576 stimuli
453 522 552 567 loco
579 518 623 564 se
650 518 837 567 habere,
891 513 1014 575 quod
1044 513 1226 557 latenti-s
1269 511 1318 556 in
1346 522 1492 555 matre
1529 507 1791 553 animalculi
1815 521 1896 551 -cor
1928 505 1983 550 ad
2016 502 2307 549 micationem

249 581 437 631 excitet.
528 581 800 640 Embryonis
833 575 1061 623 formatio.
1143 575 1317 621 Contra
1352 570 1639 633 epigenefin3
1671 569 1894 616 machinae
1926 568 2161 618 motriceS,
2197 582 2304 617 cor,

253 646 468 696 uellulosa
500 649 600 693 tela.
670 642 834 689 Cordis
856 641 1060 701 ‘origines
1091 641 1133 685 &
1156 636 1514 684 transformatio.
1583 636 1637 680 In
1670 636 1920 681 MERYUM.
1995 630 2126 682 Vita,
2164 630 2337 694 nutri-p

253 714 324 759 tio
343 746 355 765 ,
389 708 635 772 progreffus
663 707 716 753 ab
742 704 934 751 infantia
963 704 1018 749 ad
1044 704 1220 749 virilem
1251 700 1413 747 statum
1424 734 1443 752 .,
1482 701 1523 745 &
1545 697 1735 744 senium.
1825 697 1933 755 Ejus
1960 692 2101 741 causae
2129 693 2308 738 ubertas

253 776 454 837 partium
486 771 784 821 terrestrium,
823 768 1047 813 diminuta
1070 765 1372 818 irritabilitas‚
1409 762 1622 810 humores
1646 777 1745 807 nou
1771 760 1948 821 optimi.
2016 755 2233 806 Addenda
2254 769 2310 801 ex

256 839 440 886 noviter
464 836 557 883 fere
584 833 810 885 inventis,
845 843 925 876 aut
949 829 1310 876 communicatis.

389 921 496 967 Uno
539 931 662 962 nunc
696 913 859 959 ordine
888 910 1248 971 subjungemus3
1294 907 1491 970 opuscula
1527 907 1640 960 viri,
1687 905 1764 954 etsi
1799 906 1948 967 aliqua
1983 903 2082 966 post
2119 902 2310 965 primam

194 1030 204 1045 x
255 995 429 1045 partem
455 995 641 1041 operum
666 979 1024 1024 anatomicorum
1047 974 1280 1020 minorum
1310 972 1590 1032 prodierunt.
1627 995 1630 997 ·

389 1067 516 1110 Deux
548 1063 775 1107 ‚Memoires
789 1057 869 1116 sicr
895 1056 937 1103 la
958 1057 1200 1117 formation
1225 1053 1286 1099 du
1310 1070 1419 1100 coeur
1448 1052 1555 1098 dans
1572 1051 1766 1113 lepozzlet
1798 1049 2022 1098 ¹Lausann.
2043 1055 2178 1108 1758.
2201 1044 2309 1095 12.*

256 1125 611 1176 Observationes
641 1122 913 1180 Gottingam
940 1117 1072 1167 miffae
1091 1116 1276 1164 fuerant
1295 1134 1332 1163 a.
1358 1128 1492 1174 1757.
1526 1118 1567 1162 ὃς
1588 1124 1722 1174 1758.
1749 1113 1912 1161 recusae
1935 1115 2094 1160 Latine
2115 1114 2164 1159 in
2191 1125 2306 1173 oper.

257 1189 490 1245 minor.,T.
509 1189 566 1234 ΙΙ.
637 1183 783 1232 Causa
804 1183 1076 1243 suscipiendi
1104 1181 1206 1228 libri
1236 1178 1353 1233 fuit,
1389 1179 1514 1239 quod
1543 1179 1870 1226 MALP1GH1US
1896 1178 2106 1224 dextrum
2132 1178 2172 1222 &
2207 1175 2312 1222 fini-

256 1255 404 1301 -strum
431 1251 743 1299 ventriculum
771 1248 920 1294 cordis
942 1248 1006 1292 ita
1032 1242 1326 1304 depinxiffet,
1362 1255 1418 1289 ut
1448 1259 1471 1288 a
1504 1243 1663 1288 dextro
1694 1243 1743 1288 in
1774 1240 1998 1287 finistrum
2019 1240 2184 1287 canalis
2210 1237 2310 1285 firn-

254 1320 361 1379 plex
386 1313 592 1362 transiret
610 1348 621 1367 ,
660 1310 883 1371 nusquam
917 1325 994 1368 per
1024 1309 1288 1369 pulmonem
1307 1306 1515 1353 nondum
1539 1318 1722 1359 natum,
1760 1305 2037 1351 distributus.
2107 1304 2159 1351 Id
2182 1307 2309 1350 AUG-

255 1394 381 1429 Tom
422 1376 662 1425 insolubile
696 1375 845 1423 visum
882 1373 943 1418 est
977 1373 1184 1432 aenigma.
1250 1373 1406 1427 Quare
1430 1386 1482 1416 eo
1513 1369 1636 1415 nodo
1664 1367 1708 1415 se
1735 1367 1904 1415 solvere
1932 1370 2153 1420 tentavit,
2209 1367 2308 1413 ovis

253 1445 433 1504 gallinis
459 1440 692 1496 subjeffis,
724 1441 766 1485 &
791 1454 868 1498 per
896 1448 1036 1483 certas
1059 1434 1194 1481 horas
1225 1435 1402 1493 apertis.
1469 1431 1705 1480 Mensuras
1727 1433 1860 1479 etiam
1884 1434 2090 1478 omnium
2112 1431 2310 1491 partium

252 1508 375 1555 setus
401 1505 689 1566 quotidianas
713 1500 893 1553 sumsit,
927 1502 968 1546 &
995 1500 1220 1559 duplicem
1236 1496 1345 1543 fecit
1361 1497 1500 1544 libelli
1527 1509 1695 1556 partem
1713 1531 1726 1550 ‚
1761 1508 1815 1542 ut
1832 1497 1971 1556 priori
1997 1496 2308 1555 experimenta

255 1581 483 1622 narraret,
521 1570 564 1616 ὃς
596 1567 812 1615 adnotata
847 1563 1172 1624 phaenomena,
1218 1563 1359 1608 altero
1390 1577 1440 1606 ea
1473 1559 1556 1606 sub
1587 1573 1732 1607 certos
1761 1561 1922 1606 titulos
1959 1560 2215 1622 colligeret,
2265 1559 2308 1604 Sc

253 1636 535 1682 incrementa
560 1645 694 1692 atque
720 1629 995 1676 mutationes
1021 1641 1241 1686 cujusque
1272 1624 1410 1685 partis
1432 1626 1547 1670 novi
1575 1624 1783 1670 animalis
1811 1623 2074 1683 conjuncstas
2093 1621 2306 1668 traderet.

255 1697 432 1746 Nidum
463 1697 517 1743 ab
547 1696 699 1742 amnio
727 1692 824 1754 post
852 1690 1095 1750 nuperiora
1121 1689 1428 1748 experimenta
1457 1703 1582 1734 nunc
1601 1685 1845 1748 separavit3
1877 1686 2183 1732 membranam
2207 1702 2311 1731 um-

257 1762 482 1808 bilicalem
511 1759 662 1820 rapide
686 1768 991 1804 totumovum
1013 1752 1302 1804 vestientem3
1333 1748 1760 1811 figuram-venosam
1785 1748 2138 1811 pulcherrimam
2162 1764 2308 1796 mern-

258 1825 409 1871 branae
421 1824 663 1874 vitellinae5
687 1819 918 1880 sanguinis
937 1817 1168 1877 pallorem,
1189 1815 1295 1861 inde
1306 1816 1519 1862 ruborem
1531 1833 1543 1867 3
1569 1812 1687 1862 fetus
1702 1812 2020 1874 expansionem
2035 1811 2164 1859 asolo
2177 1813 2312 1860 corde

258 1900 427 1934 natam.
494 1886 654 1933 Vitelli
684 1882 988 1945 pulcherrima
1010 1878 1178 1926 fabrica
1202 1877 1427 1938 sequitur,
1467 1880 1509 1925 δε
1536 1879 1731 1925 valvulae
1758 1875 1997 1924 vasculosae
2028 1875 2112 1923 soli
2136 1878 2311 1924 ANTO-

259 1964 353 2000 NIO
383 1951 597 1996 MAITRE
629 1950 759 2011 JEAN
799 1949 953 1998 tactae,
1006 1945 1048 1989 ἃ
1075 1943 1369 1989 vermiculata
1400 1940 1592 1988 vascula.
1662 1941 1774 1988 Inde
1813 1939 1931 1989 setus
1958 1941 2100 2002 prima
2137 1938 2270 1986 facies
2294 1973 2308 1992 .

256 2014 482 2066 mutati0‚
511 2016 815 2062 incrementa,
845 2006 1101 2055 incredibili
1119 2007 1315 2066 primum
1343 2006 1566 2052 eeleritate
1592 2004 1942 2066 progredientia,
1979 2004 2084 2050 inde
2102 2004 2308 2050 lentiora.

254 2076 354 2123 Cor
384 2076 589 2136 princeps
616 2072 840 2121 scribendi
859 2069 1016 2123 causa,
1052 2071 1186 2130 longe
1212 2070 1372 2123 aliter,
1409 2085 1545 2130 quam
1574 2085 1598 2115 a
1629 2071 1934 2117 MALP1GH10
1962 2064 2306 2127 deprehensum.

258 2140 430 2199 Laquei
450 2140 609 2198 utique
633 2139 683 2184 in
714 2136 938 2197 principio
965 2132 1102 2180 simile
1128 2132 1216 2186 est,
1255 2134 1511 2180 ventriculo
1547 2132 1708 2179 dextro
1734 2132 1940 2179 nondum
1966 2143 2075 2177 nato
2091 2164 2104 2183 ,
2144 2128 2308 2176 isthmo

258 2204 412 2263 aliquo
438 2203 557 2248 inter
591 2201 838 2247 auriculam
873 2198 1054 2245 unicam
1085 2199 1127 2243 &
1165 2194 1391 2243 sinistrum
1422 2196 1732 2243 ventriculum
1756 2197 2020 2256 interceptO.
2087 2191 2312 2241 Paulatim

255 2278 406 2326 partes
429 2264 576 2311 cordis
600 2264 970 2324 conjunguntur,
1012 2260 1225 2307 auriculae
1252 2276 1355 2306 cum
1382 2260 1514 2306 corde
1538 2261 1768 2306 uniuntur
1790 2278 1804 2311 ;
1838 2258 2124 2305 ventriculus
2153 2257 2309 2304 dexter

256 2326 556 2381 subnascitur,
578 2329 620 2374 &
642 2327 844 2372 auricula
859 2327 908 2371 in
920 2324 1030 2370 duas
1048 2322 1212 2371 secedit
1223 2325 1460 2371 auriculas.
1514 2325 1619 2370 Una
1634 2339 1756 2368 nunc
1775 2324 1927 2382 pulmo
1949 2319 2222 2382 conspicuus
2237 2320 2306 2374 fit,

259 2395 304 2438 &
330 2393 427 2452 ejus
459 2389 701 2438 invisibilia
727 2390 860 2435 etiam
883 2385 986 2434 vasa
1009 2385 1250 2447 conspicua
1278 2386 1548 2432 redduntur.
1637 2387 1694 2432 In
1712 2387 1871 2432 avibus
1895 2385 1986 2431 duo
2016 2383 2123 2431 sunt
2149 2383 2311 2431 duetus
2361 2375 2371 2387 ”

257 2452 477 2502 arterioli.
545 2453 704 2501 Rubor
722 2451 952 2512 sanguinis
979 2452 1242 2510 pulmonem
1265 2450 1491 2510 praecedit.
1561 2449 1724 2495 Cordis
1745 2447 1903 2495 sensim
1929 2446 2112 2509 perfecti
2135 2446 2307 2508 phaseS.

256 2520 434 2566 Harum
463 2515 666 2578 pha—sium
692 2511 904 2561 succeffio
937 2515 978 2559 &
1015 2511 1180 2565 causae,
1227 2512 1445 2561 adtractio
1485 2510 1762 2573 potissimum
1795 2510 2016 2559 cellulosae
2054 2512 2170 2557 telae.
2254 2510 2312 2556 In

254 2582 513 2627 ventriculo
536 2577 769 2626 caseosum
792 2577 1058 2636 coagulum:
1094 2576 1280 2622 initium
1306 2588 1457 2624 motus
1489 2575 1760 2636 peristaltici.
1830 2577 1885 2623 In
1917 2575 2051 2622 oculo
2077 2575 2224 2620 retina
2253 2572 2310 2618 ad

257 2646 427 2690 lentem
455 2642 754 2703 crystallinam
786 2641 1019 2700 producta,
1046 2641 1088 2685 &
1113 2656 1227 2684 zona
1250 2640 1431 2687 ciliaris.
1498 2640 1638 2686 Porro
1669 2637 1810 2686 causae
1834 2651 1974 2686 tantae
2011 2636 2307 2690 mutationis,

255 2722 360 2766 quae
386 2723 441 2752 ex
463 2703 759 2766 inconspicuo
782 2701 903 2763 quasi
929 2704 1054 2748 clavo
1079 2704 1255 2761 pullum
1280 2704 1502 2750 bicrurem
1526 2705 1567 2748 &
1584 2704 1754 2749 alatum
1781 2703 2011 2762 produxit.
2077 2702 2189 2747 Non
2206 2699 2309 2745 ideo

259 2771 396 2815 nullae
422 2768 528 2815 sunt
551 2781 728 2829 partes,
772 2782 873 2826 quae
911 2765 972 2811 ob
1005 2765 1353 2824 pelluciditatem
1378 2764 1698 2825 inconspicuae.
1767 2767 1988 2812 Colorum
2024 2767 2065 2811 Sc
2099 2761 2310 2823 saporum

259 2832 481 2891 origines,
519 2834 798 2878 incrementa
825 2829 1022 2890 partium
1052 2826 1348 2881 inferiorum,
1379 2829 1438 2874 ob
1464 2828 1706 2875 duritatem
1736 2829 1785 2874 in
1813 2829 2029 2888 primaevo
2058 2827 2201 2885 capite
2223 2827 2312 2885 pri,

259 2910 390 2941 mum
420 2893 669 2940 subnatam.
755 2891 898 2940 Causa
914 2926 927 2945 ,
977 2907 1078 2951 quae
1106 2906 1282 2936 novum
1303 2892 1608 2937 ventriculum
1634 2892 1759 2937 cordi
1782 2891 1935 2943 addit,
1981 2907 2080 2951 quae
2106 2889 2311 2936 foramen

256 2959 390 3005 ovale
413 2960 564 3004 arctat.
631 2957 828 3017 Embryo
852 2955 912 3001 est
940 2970 1039 3016 pars
1066 2954 1238 2999 matris.
1307 2954 1468 3003 Motus
1498 2953 1764 3004 muscularis
1798 2954 1973 3003 validus
2001 2955 2142 3002 cietur
2159 2987 2173 3008 ,
2216 2969 2309 3014 quo

256 3033 460 3083 tempore
485 3020 717 3069 cerebrum
744 3031 893 3070 totum
921 3032 1144 3082 aquorum
1167 3015 1245 3068 cst.
2179 3051 2312 3099 Deme
