2531 3394
265 142 360 200 438
410 186 424 191 ,
667 135 805 184 LIB.
845 134 972 185 IX.)
1005 125 1426 197 ANATOMES
1475 124 1910 183 PERFECTIO.

237 268 239 271 ’
266 269 359 318 vim
388 265 734 329 imaginationis
751 277 985 313 maternae.
1055 256 1417 308 Submerfionem
1445 255 1529 304 sub
1559 253 1723 317 aquam
1751 255 2052 304 occlufionetu
2083 256 2324 306 foraminis
2356 260 2360 264 ’

269 334 414 380 ovalis
447 349 543 379 non
572 332 806 392 impedire.
878 326 984 376 Offa
1015 341 1111 372 non
1135 340 1213 384 per
1235 321 1505 383 periosteum
1537 321 1719 368 nutriri.
1787 322 1951 368 Nullas
1987 319 2068 368 effe
2099 320 2321 380 BERTINI

268 399 319 445 in
347 414 453 443 rene
483 397 734 459 glandulas.
807 392 1087 441 Animalcula
1118 387 1382 449 spermatica
1416 387 1566 446 rejicit
1585 417 1594 430 2
1631 387 1673 432 &
1708 382 1878 431 femina
1908 386 2148 446 utri-usque
2186 385 2322 434 sexus

266 464 443 510 mavult
469 460 717 522 confluere„
778 460 938 506 Semen
961 453 1240 500 femininum
1259 453 1309 498 in
1336 451 1492 498 ovario
1515 450 1654 511 gigni.
1724 451 1885 497 Semen
1907 449 2042 495 maris
2065 451 2255 498 nutrire.

396 543 555 591 Edidit
584 544 718 590 IDEM
752 537 1095 597 Ablicmdlzmgen
1118 552 1202 580 von
1233 533 1314 580 den
1341 531 1626 593 vornehmsten
1658 528 1975 591 chirurgischen
2003 535 2286 592 Operationen
2308 563 2320 580 2

268 625 464 670 quarum
491 607 594 655 T.1.
633 602 812 652 Hafniae
833 614 964 660 1754.
990 598 1069 654 8.*
1105 600 1216 645 alter
1244 607 1380 656 1756.
1416 596 1510 651 8.*‚
1543 596 1704 642 tertius
1736 596 1904 655 prodiit
1937 601 2178 653 1757.8‚’⁵
2226 596 2325 651 Pas.

266 669 346 721 slm
374 669 639 731 interspersa
666 667 773 714 sunt
793 665 1050 712 anatomica
1073 665 1114 709 &
1143 659 1450 722 physiologica
1473 661 1638 720 aliqua.
1708 661 1764 706 In
1785 660 1839 706 T.
1856 660 1891 705 Ι.
1927 660 2056 705 Dura
2085 671 2228 708 mater
2255 677 2325 707 ee-

267 737 391 785 rebri
415 739 456 784 &
478 735 675 783 medulla
698 730 880 792 spinalis
911 726 1043 774 sensu
1073 738 1226 773 caret:
1284 724 1341 771 fic
1366 726 1610 785 ligamenta
1647 726 1688 770 Sc
1713 724 1947 776 tendines‚
1994 725 2172 784 pleura,
2212 725 2327 784 peri.
2351 750 2354 754 ›

269 802 498 853 cardium‚
528 799 842 859 peritonaeum.
919 794 1100 838 Darton
1130 786 1389 837 cellulosam
1421 787 1501 834 effe
1528 790 1677 835 telam.
1766 789 1821 834 In
1862 789 1999 833 latere
2033 786 2208 834 finistro
2236 786 2322 834 fre.

268 866 531 926 quentiores
567 860 673 908 sunt
708 858 857 905 morbi
888 855 1099 903 vasorum
1140 853 1460 905 seminalium,
1517 854 1575 898 ob
1616 853 1866 911 longiorem
1903 868 2069 898 venam
2111 853 2325 900 renalem.

267 932 615 977 DROUARTUM
644 940 725 985 pro
749 921 917 969 femina
946 919 1100 983 habet.
1167 919 1394 965 Tabulam
1433 916 1558 963 addit
1595 914 1906 962 musculorum
1937 918 1978 962 ἃ
2004 914 2215 963 vasorum
2235 917 2326 977 pel-

267 995 338 1042 vis
368 996 655 1041 internorum
687 989 729 1034 &
753 999 1065 1033 externorum.

227 1100 250 1119 x
396 1076 451 1122 In
469 1072 599 1120 T.11.
622 1067 873 1117 submersos
895 1068 1039 1128 perire
1064 1066 1122 1112 ob
1149 1063 1368 1126 spumam,
1394 1080 1493 1123 quae
1511 1061 1708 1123 asperam
1735 1061 1943 1108 arteriam
1971 1061 2178 1110 obstruit.

397 1158 453 1203 In
475 1154 629 1202 T.111.
663 1152 872 1198 Vulnera
897 1149 1020 1196 durae
1041 1148 1196 1194 matris
1222 1144 1334 1207 saepe
1361 1144 1526 1205 absque
1559 1142 1943 1204 symptomatibus
1970 1142 2095 1191 fuiffe
2115 1178 2127 1197 ‚
2158 1143 2327 1191 habere

269 1234 443 1271 tamen,
477 1216 552 1265 etfi
578 1214 820 1263 obscurum
840 1249 851 1268 ‚
883 1212 1076 1260 sensum.
1143 1212 1322 1258 Nocere
1350 1208 1578 1256 infelicem
1608 1206 1999 1261 venaeseclionem‚
2027 1225 2124 1254 non
2149 1210 2206 1254 ob
2228 1203 2328 1256 ten-

271 1289 421 1335 dinem
456 1281 610 1330 laesum
628 1315 640 1334 ‚
685 1278 759 1326 sed
790 1280 850 1325 ob
873 1293 1066 1325 nervum
1091 1274 1322 1323 musculo·
1344 1286 1589 1320 cutaneum
1615 1291 1627 1318 ι
1665 1273 1728 1319 ita
1756 1289 1902 1333 neque
1931 1271 2224 1333 paronychia:
2250 1275 2330 1320 do-

269 1353 384 1399 lores
413 1346 492 1395 effe
516 1364 540 1392 a
566 1344 844 1392 tendinibus.

396 1432 467 1489 EJ.
510 1424 763 1487 Vernzifihte
793 1423 1107 1485 Bemerkungen
1134 1421 1227 1468 und
1262 1417 1632 1480 Unteiy'uchzmgen
1670 1417 1747 1464 der
1775 1416 2036 1465 mm'ibenden
2060 1420 2334 1480 Araneywzs-

261 1493 475 1557 sensclmft
503 1494 555 1539 T.
574 1493 611 1538 I.
648 1488 831 1538 Hafniae
858 1495 991 1547 1765.
1023 1486 1103 1541 8.*
1170 1488 1239 1532 De
1265 1484 1393 1547 spina
1421 1483 1593 1535 bifida-13
1632 1483 1681 1528 ln
1704 1482 1925 1529 vertebris
1961 1482 2080 1529 nasci
2106 1500 2160 1528 ex
2186 1485 2327 1530 nimia

268 1560 464 1607 flexione
491 1554 630 1617 spinae
651 1553 796 1601 dorsi:
832 1554 882 1599 in
905 1551 991 1599 offe
1017 1550 1141 1598 sacro
1167 1567 1220 1597 ex
1236 1548 1483 1596 femoribus
1504 1547 1640 1594 nimis
1657 1544 1832 1593 sursum
1845 1546 1984 1594 flexis.
2055 1547 2326 1609 Cyclopicus

267 1637 450 1685 partus,
489 1621 649 1667 oculus
679 1621 720 1666 &
748 1618 980 1665 cerebrum
1004 1627 1207 1663 accurate
1231 1612 1517 1674 descriptum.

393 1706 449 1753 T.
464 1704 522 1750 ΙΙ.
557 1708 694 1761 1767.
720 1698 799 1755 85⁴
842 1700 1014 1747 Iterum
1043 1699 1390 1748 DROUARTUM
1418 1712 1498 1755 pro
1528 1693 1697 1742 femina
1727 1690 1882 1741 habet.
1948 1694 2137 1755 Aliquot
2164 1693 2328 1741 andro-

269 1769 403 1833 gyni,
436 1784 550 1831 quos
581 1768 700 1815 recte
726 1763 867 1818 vidit,
902 1779 1034 1811 veros
1067 1761 1146 1809 effe
1178 1762 1300 1810 viros
1328 1758 1513 1807 urethra
1536 1757 1643 1806 fusa.

844 1891 891 1951 ς.
930 1894 1119 1942 Men.
1219 1897 1265 1948 J.
1303 1890 1559 1953 &odaeum
1586 1891 1751 1943 zm,

400 1998 718 2062 Anfpacensis,
757 2014 884 2046 meus
918 1996 1126 2049 auditor,
1163 1993 1357 2048 incisor,
1378 1991 1610 2050 ,Professor
1634 1994 1815 2038 demum
1838 1991 2086 2044 botanices‚
2122 1994 2327 2053 egregius

276 2069 574 2119 anatomicus‚
607 2067 726 2112 inter
747 2062 971 2124 principes
991 2059 1190 2113 futurus,
1227 2058 1310 2107 nifi
1326 2075 1429 2105 eum
1448 2074 1569 2104 mors
1584 2056 1741 2104 acerba
1757 2055 2029 2116 abripuiffet,
2055 2052 2329 2102 etiamnunc

268 2133 389 2179 inter
402 2127 751 2176 accuratiffimos
765 2126 967 2187 corporis
979 2124 1172 2171 humani
1184 2122 1441 2184 ruspatores
1456 2121 1781 2168 numerandus.
1820 2121 1854 2166 E
1856 2134 1892 2181 J.
1908 2124 2194 2181 experimenta
2208 2124 2327 2166 circa

270 2208 414 2257 corpus
441 2192 647 2252 callosum,
684 2191 951 2243 cerebellum,
984 2188 1142 2235 duram
1164 2193 1396 2249 meningem
1423 2192 1467 2233 in
1484 2188 1595 2233 vivck
1621 2183 1866 2232 animalibus
1887 2187 2081 2244 instituta
2111 2184 2329 2245 Gotting,

277 2271 415 2317 1749.
439 2258 518 2316 4*
586 2258 653 2303 Ex
677 2257 731 2302 iis
755 2255 843 2302 fuit
870 2253 1116 2315 juvenibus
1136 2287 1148 2306 ,
1185 2253 1265 2313 qui
1293 2253 1529 2311 Gottingae
1560 2248 1847 2310 inauguralia
1872 2246 1949 2293 sua
1973 2245 2218 2308 specimina
2237 2263 2329 2293 ma-
2378 2262 2387 2265 “

271 2324 361 2384 jori
388 2338 494 2368 cura
518 2337 693 2367 mecum
729 2320 1092 2366 elaboraverunt.
1162 2319 1333 2376 Scopus
1364 2328 1457 2362 erat
1481 2315 1555 2360 hic
1584 2314 1839 2373 inquirere,
1875 2327 1985 2357 num
2015 2312 2159 2371 major
2179 2310 2330 2371 aliqua

271 2388 516 2435 vulnerum
542 2382 689 2430 callosi
715 2383 915 2443 corporis
931 2382 986 2427 ad
1005 2383 1145 2427 vitam
1172 2379 1463 2427 auferendam
1490 2377 1545 2424 fit
1570 2376 1777 2438 potestas.
1844 2377 1956 2422 Non
1975 2374 2071 2428 effe,
2098 2387 2330 2435 repertum

273 2451 396 2498 estin
407 2448 742 2510 experimentis,
765 2447 814 2492 in
835 2446 952 2492 vivis
975 2443 1100 2491 factis
1126 2445 1413 2491 animalibus.
1484 2442 1567 2490 Sed
1582 2457 1729 2502 neque
1753 2440 1960 2501 cerebelli
1978 2441 2168 2486 vulnera
2190 2441 2330 2499 majo-

271 2532 372 2562 rem
400 2514 456 2560 ad
489 2512 788 2559 occidendum
820 2512 913 2555 vim
941 2507 1123 2555 habent.
1195 2510 1433 2561 BELLINI,
1469 2518 1523 2553 ut
1547 2518 1744 2558 vocant,
1781 2505 2032 2564 periculum
2053 2503 2328 2553 emendavit,

273 2578 496 2631 ostendit,
533 2588 588 2623 ut
612 2574 727 2636 saepe
747 2576 788 2620 ὃς
813 2571 903 2633 ipse
931 2572 1051 2625 vidi,
1087 2574 1279 2633 ligatum
1309 2588 1502 2619 nervum
1533 2571 1668 2617 etiam
1699 2567 1782 2615 sub
1801 2569 1987 2614 vinculo
2008 2567 2235 2614 irrita-tum
2256 2581 2335 2625 pe-

277 2643 408 2689 rinde
434 2643 483 2688 in
508 2639 843 2701 diaphragmate
878 2646 1056 2682 motum
1081 2635 1299 2683 excitasse.
1370 2637 1566 2683 Nullum
1595 2634 1766 2681 doloris
1796 2630 1974 2694 fignum
2007 2647 2032 2678 a
2057 2630 2168 2676 dura
2188 2641 2331 2675 matre

273 2709 485 2754 vivorum
514 2720 681 2751 canum
704 2702 958 2755 lancinata,
995 2700 1122 2745 nulla
1149 2699 1463 2761 symptomata.
1817 2710 1820 2711 ’

404 2789 477 2849 EJ.
519 2791 585 2833 De
610 2783 842 2847 ligamenta
873 2779 1083 2831 ciliaribus
1101 2793 1382 2842 programma
1432 2781 1645 2840 Gotting.
1675 2788 1810 2835 1753.
1832 2774 1915 2834 4*
1949 2791 2135 2836 corpore
2166 2790 2332 2835 nempe

274 2853 429 2899 ciliari.
467 2849 690 2912 Describit
699 2858 903 2895 accurate
920 2844 1177 2890 orbiculum
1193 2845 1388 2892 ciliarem
1408 2863 1421 2897 3
1459 2846 1594 2904 plicas
1610 2843 1777 2890 tunicae
1795 2856 1922 2886 uveve
1936 2841 1984 2886 in
1997 2856 2160 2900 corpus
2177 2839 2346 2886 ciliare.

273 2916 525 2976 productas.
595 2915 826 2961 Coronam
855 2909 1065 2957 ciliarm
1080 2919 1211 2953 vocat
1235 2910 1592 2954 membranulam
1619 2907 1817 2965 nigram,
1849 2906 1996 2950 vitreo
2031 2903 2211 2964 corpori
2245 2902 2328 2949 im-

273 2978 464 3042 positam
483 3012 496 3033 ³
531 2978 698 3041 pariter
725 2977 837 3025 lenti
861 2971 1237 3029 incumbentemg,
1276 2987 1413 3034 quam
1437 2973 1556 3022 inter
1584 2972 1627 3019 ὃς
1647 2971 1836 3020 vitream
1856 2969 2059 3017 tunicam
2083 2969 2250 3015 anulus
2275 2964 2332 3013 fit·
2398 2971 2405 2973 *

1740 3054 1743 3055 ⁷
2123 3032 2327 3081 Parin.

2200 3194 2212 3217 χ
