2531 3394
579 105 796 191 §.sti-139,
822 145 970 189 1190.
1022 130 1329 180 mmm.
1398 130 1841 182 COTUNNUS.
2155 146 2242 197 575

327 236 601 297 MAURAND(
629 232 682 278 de
708 233 876 292 linguae
897 230 1039 277 nimia
1073 228 1375 308 longitudine.
1401 268 1404 273 ,
1434 225 1661 288 Ofljcuh's
1686 230 1867 279 auditus
1893 229 2084 286 amiffis,
2120 232 2246 280 amis-

192 298 266 348 sus
293 300 428 346 etiam
460 297 656 343 auditus.

320 381 599 427 Tmmmtr
634 375 751 423 fetus
783 367 906 437 galea
931 371 1105 436 capitis‘
1119 372 1379 421 destitutus.

320 462 360 509 le
385 461 555 508 CLERC
587 471 738 520 partus
764 456 1033 505 veficularis.

321 544 636 590 LANDEUTTE
669 540 723 587 de
747 540 875 599 plica.

325 623 665 684 Ablmndlungen
692 620 770 667 der
794 616 1200 680 natmforschenden
1228 617 1496 681 Geselz'schaft
1521 623 1565 665 in
1588 617 1750 666 Ziirich
1795 619 1966 668 zurich
1991 628 2080 680 176
2091 635 2127 674 ῐ.
2169 621 2249 677 8.*

190 690 248 737 In
260 687 344 734 hac
361 688 625 734 collectione
638 685 812 746 Rudolfi
826 685 1115 730 BURKHART
1138 684 1445 744 experimenta
1459 682 1580 737 sunt,
1605 685 1770 744 quibus
1797 684 1970 740 didicit,
1997 687 2047 733 in
2065 686 2249 735 homine

195 754 354 800 duram
378 752 661 811 meningem,
698 748 908 794 tendines
933 748 1111 800 varios,
1150 749 1192 794 &
1225 746 1526 808 aponevroses
1561 746 1692 794 sensu
1723 764 1887 795 carere.

323 834 380 881 In
402 842 599 893 excerpto
625 831 820 876 literario
848 830 958 875 anni
989 835 1122 887 1761.
1161 833 1210 884 J.
1234 829 1347 876 Elias
1370 829 1715 876 BERTRANDUS
1733 864 1744 882 ,
1778 830 1871 876 Eliae
1899 829 1962 877 fil.
1991 833 2083 893 agit
2115 833 2167 880 de
2190 834 2255 894 gi-

199 898 411 962 gantibus
439 907 598 942 contra
626 895 964 941 TORRUBIAM.
1054 893 1275 953 Gigantes
1311 890 1466 954 paffim
1501 891 1652 946 fuiffe,
1696 910 1793 940 non
1824 911 1932 941 vero
1968 899 2161 959 populos
2187 899 2253 960 gi.

197 965 402 1024 gantum.
469 959 667 1006 Libellus
699 956 898 1004 seorsum
931 955 1112 1005 recusus
1141 956 1216 1004 est.

719 1093 758 1142 §.
799 1085 853 1136 M
869 1089 907 1135 C
919 1088 966 1135 X
983 1088 1035 1136 C.
1137 1090 1381 1135 Dominicus
1409 1088 1694 1137 COTUNNUS
1709 1122 1721 1142 ,

326 1184 545 1234 Professor
564 1185 924 1245 Neapolitanus,
955 1185 1026 1231 vir
1050 1185 1236 1246 ingenio
1260 1186 1376 1238 acri,
1414 1187 1456 1232 &
1481 1183 1616 1232 solers
1640 1186 1690 1232 in
1717 1186 2030 1236 minutissimis
2058 1188 2257 1250 perscrua-

202 1252 458 1300 rationibus
481 1251 780 1296 anatomicus.
851 1251 923 1310 EJ.
958 1247 1209 1311 Dzffiertatio
1235 1254 1478 1296 anatomica
1512 1249 1564 1295 de
1590 1250 1893 1310 aqztccduffibus
1923 1256 2039 1300 auris
2068 1252 2255 1302 humanu

199 1321 374 1362 interme
407 1314 603 1374 Neapoli
629 1319 763 1370 1761.
791 1314 862 1367 8.*
929 1313 1236 1373 Αςυεεᾶυὸὶυς.
1276 1325 1412 1361 vocat
1449 1330 1593 1360 novas
1628 1314 1748 1368 vias,
1785 1332 1885 1375 quae
1916 1333 1970 1363 ex
2007 1319 2152 1365 caveis
2180 1336 2257 1365 ve-

197 1380 352 1427 stibuli
382 1381 423 1426 &
449 1377 643 1425 cochleae
671 1380 721 1422 in
754 1377 896 1424 cranii
924 1394 1103 1424 caveam
1130 1378 1330 1425 tendunt
1347 1413 1360 1431 ,
1395 1379 1436 1424 ὃς
1460 1394 1513 1423 eo
1537 1377 1730 1424 rubrum
1763 1377 1897 1426 suum
1926 1380 2166 1428 humorem
2196 1381 2258 1429 ef-

199 1442 431 1496 fundunt,
469 1459 560 1502 quo
587 1442 707 1488 auris
727 1442 919 1488 internae
950 1458 1111 1489 omnes
1145 1440 1320 1489 scrobes
1355 1444 1395 1488 &
1424 1457 1569 1487 caveae
1600 1444 1848 1502 replentur.
1916 1445 2257 1493 Accuratiffime

196 1507 293 1554 haec
317 1505 529 1553 describit
548 1540 561 1559 ,
598 1518 697 1552 tum
734 1504 992 1552 universam
1016 1522 1169 1552 aurem
1197 1507 1443 1559 internam,
1481 1504 1737 1559 cochleam,
1776 1508 1872 1568 ejus
1887 1507 2254 1566 infundibulum,

200 1570 419 1618 scalarum
447 1568 676 1617 mensurus
697 1604 708 1622 ,
754 1582 914 1617 tenues
944 1587 1092 1617 ramos
1125 1571 1256 1617 nervi
1289 1571 1437 1616 mollis
1458 1603 1470 1622 ,
1524 1571 1567 1616 Sc
1604 1571 1910 1618 membranam
1941 1573 1992 1619 in
2030 1573 2256 1621 vestibulo

201 1634 468 1696 expansam,
504 1651 639 1694 quam
673 1633 806 1681 habet
829 1651 908 1694 pro
935 1635 1117 1681 auditus
1144 1651 1315 1696 organo
1336 1668 1348 1688 ‚
1386 1633 1523 1681 toties
1557 1632 1812 1688 oscillante‚
1851 1649 1965 1696 quot
1984 1638 2096 1685 aeris
2122 1638 2258 1685 undae

203 1701 409 1760 tympani
431 1700 738 1744 membranam
767 1697 1098 1744 concusserunt.
1169 1701 1208 1745 Ii
1245 1699 1358 1745 aeris
1391 1710 1607 1744 tremores
1634 1697 1873 1745 humorem
1904 1703 2094 1748 internae
2135 1704 2257 1750 auris

201 1776 426 1810 evacuant
459 1765 500 1808 &
529 1774 751 1822 reparant.
820 1763 875 1808 In
898 1762 1092 1808 cochleae
1113 1760 1239 1823 septo
1269 1763 1503 1824 strepitum
1526 1763 1724 1824 percipi,
1759 1775 1977 1811 tonorum
2007 1765 2259 1814 distinciio-

204 1843 310 1873 nem
339 1828 389 1873 in
415 1825 610 1873 cochlea.
680 1827 821 1872 Venae
850 1825 1043 1872 cochleae
1073 1829 1114 1873 gr
1144 1826 1366 1873 vestibuli.

332 1909 506 1967 EJuso.
544 1913 611 1953 De
633 1905 813 1967 zschiade
833 1907 1011 1967 nervosa
1035 1908 1173 1962 liber,
1210 1909 1408 1969 Neapoli
1442 1916 1574 1968 1764.
1607 1908 1682 1962 8.*
1719 1912 1759 1956 &
1791 1911 1840 1956 in
1870 1912 2260 1961 SANDYFORTiA-

206 1985 397 2020 NORUM
440 1972 837 2018 THESAURORUM
874 1973 1011 2018 1211.
1082 1975 1209 2032 Aqua
1251 1971 1522 2018 circumfusa
1568 1989 1709 2019 nervo
1750 1972 1991 2022 ischiadico
2037 1979 2259 2038 (aliisque

204 2035 391 2093 nervis)
424 2036 558 2081 etiam
588 2033 791 2094 copiosa,
815 2048 924 2088 ,tuin
956 2036 1006 2081 in
1035 2038 1216 2082 cerebro
1243 2033 1405 2089 effusa,
1441 2038 1578 2097 inque
1609 2038 1805 2084 medulla
1830 2036 2015 2099 spinali,
2059 2043 2259 2088 volatilis

205 2101 385 2151 avolat,
424 2100 465 2144 &
493 2099 607 2145 vitio
633 2101 683 2144 in
709 2094 950 2151 §relatiuam
979 2100 1089 2147 abit.
1159 2101 1352 2147 Morbos
1387 2099 1525 2147 infert
1555 2103 1680 2147 acris.
1766 2103 1882 2148 Cum
1918 2103 2129 2151 cellulosa
2161 2122 2262 2152 ner-

205 2179 369 2209 vorum
400 2163 563 2223 vagina
586 2162 660 2216 his
683 2162 878 2222 aquosus
902 2179 1042 2224 vapor
1076 2165 1387 2210 continuatur.
1458 2166 1511 2210 In
1539 2180 1680 2211 nervo
1709 2164 1950 2213 ischiadico
1981 2169 2066 2214 alia
2096 2170 2261 2230 vagina

208 2225 437 2273 accefforia
467 2227 602 2281 adest,
628 2226 803 2274 diversa
829 2228 883 2274 ab
911 2245 965 2273 ex
990 2245 1090 2288 quae
1116 2245 1139 2274 a
1162 2230 1344 2274 cerebro
1373 2228 1570 2275 advenit.
1639 2230 1694 2275 In
1716 2229 1938 2277 testudine
1960 2233 2133 2279 marina
2146 2250 2274 2293 aqua.

207 2291 326 2337 inter
353 2290 586 2337 cerebrum
617 2294 656 2338 &
689 2291 847 2338 duram
871 2293 1128 2352 meningen]
1152 2309 1246 2338 non
1273 2293 1580 2352 coagulabilis,
1615 2291 1696 2338 nisi
1723 2294 1852 2341 vitio.
1923 2296 2163 2342 Pericardii
2187 2313 2263 2342 va-

210 2354 370 2414 pedem
388 2354 438 2398 in
469 2371 577 2400 cane
603 2367 752 2401 totum
773 2355 1009 2409 exhalare,
1047 2358 1181 2402 etiam
1207 2366 1432 2402 recentem
1465 2356 1721 2404 abdominis
1760 2375 1972 2418 vaporem
2005 2361 2054 2406 in
2085 2364 2262 2420 pediore

211 2419 405 2478 cogitur.
474 2418 530 2464 In
560 2419 807 2477 pericardio
838 2420 952 2465 vitio
984 2419 1244 2466 concrescit.
1312 2421 1429 2466 Cum
1461 2421 1547 2465 bile
1587 2422 1908 2481 experimenta.
1976 2425 2126 2470 Nocet
2155 2441 2263 2470 ven-

210 2482 400 2533 triculo,
429 2497 525 2527 non
553 2482 795 2542 digeritur,
831 2481 1036 2530 villosam
1067 2484 1270 2531 tunicam
1296 2500 1411 2545 pene
1438 2482 1637 2530 secedere
1663 2488 1804 2548 cogit,
1832 2485 2097 2549 sanguinem
2119 2487 2264 2534 difful-

210 2546 279 2592 vit
297 2578 311 2598 ,
343 2546 537 2591 calorem
566 2547 708 2592 auxit.

340 2627 512 2687 EJUSD.
552 2631 619 2673 De
637 2627 799 2687 sedibus
819 2629 1091 2675 variolarmn
1109 2627 1338 2691 sjzntagma
1373 2631 1568 2692 Neapoli
1590 2636 1723 2689 1769.
1755 2629 1832 2685 8.*
1881 2633 2043 2680 Nullas
2071 2633 2263 2681 variolas

213 2690 340 2738 intus
365 2691 413 2736 in
431 2707 618 2752 corpore
638 2691 748 2738 dari.
813 2693 1064 2739 Glandulas
1079 2695 1372 2753 conglobatas
1398 2697 1581 2755 exiguas
1606 2696 1793 2755 reperit,
1831 2697 1931 2742 colo
1957 2697 2170 2743 intestino
2193 2699 2265 2743 in-

215 2754 502 2806 cumbentes.
568 2757 639 2802 De
664 2757 1021 2803 incarceratione
1059 2757 1292 2810 intestini3
1342 2771 1395 2806 ut
1432 2758 1514 2805 fiat
1547 2770 1671 2820 parte
1697 2762 1960 2812 contradiffi
1999 2777 2135 2820 quam
2164 2776 2271 2821 pars

214 2815 320 2863 sana
345 2821 661 2877 amplectitur:
706 2833 760 2867 ut
789 2833 979 2874 noceat,
1029 2819 1212 2881 quando
1253 2821 1443 2870 inferior
1478 2840 1576 2883 pars
1612 2823 1662 2868 in
1685 2821 1960 2882 superiorem
1988 2824 2263 2885 ingreditur.

215 2880 272 2926 In
295 2882 473 2940 pustula
495 2882 718 2930 variolosa
737 2886 1162 2933 MALPffiHlANUM
1187 2902 1372 2933 mucum
1399 2885 1666 2948 turgescere.

344 2962 400 3008 In
421 2967 495 3026 Ep.
518 2965 576 3011 V.
603 2981 649 3012 n.
670 2973 771 3022 169.
808 2966 945 3013 Nova
970 2967 1119 3028 aliqua
1148 2968 1201 3014 de
1222 2966 1312 3016 suis
1333 2968 1672 3030 aquaeductibus
1696 2968 1750 3015 ad
1768 2984 1852 3017 nos
1877 2966 2031 3018 refert.
2112 2971 2168 3017 In
2191 2986 2265 3017 ve-

215 3040 299 3076 nas
315 3040 413 3075 non
429 3027 481 3077 in
504 3028 690 3081 ductum
714 3031 1017 3083 excretorium
1042 3048 1182 3095 vapor
1208 3031 1465 3083 resumitur.
1926 3065 1971 3126 §-
2006 3066 2262 3115 MCXCL
