2531 3394
282 99 370 149 188
665 84 807 153 1:135
845 94 936 141 rx.
1028 68 1443 160 ANATOMES
1497 87 1976 170 PERFEeTm..

280 219 538 267 Hominem
568 219 836 280 primaevum
868 220 1017 267 album
1053 214 1205 271 fuisse,
1248 233 1356 264 nam
1384 217 1509 265 albos
1534 233 1594 264 ex
1626 218 1767 280 nigris
1793 221 1945 282 gigni,
1989 236 2086 270 non
2120 221 2329 272 vicissim.

261 281 352 330 -De
377 284 510 331 novis
541 284 807 330 animalium
830 282 1145 330 varietatibus.

247 416 251 419 ,
413 369 579 412 Lettres
601 364 652 411 de
668 370 737 411 M.
763 365 814 410 de
835 367 1168 411 MAUPERTms
1201 360 1358 410 Dresd.
1379 374 1512 421 1752.
1542 360 1622 416 8.*
1686 364 1840 409 Homo
1865 363 2030 425 absque
2053 363 2169 418 saltu
2193 364 2350 415 fimiis‘

275 428 564 490 'adgregatus.
631 430 805 475 Contra
833 425 1317 488 jatromathematicos.
1385 429 1456 472 De
1477 426 1768 487 generatione
1792 426 2066 487 hypothesis,
2088 447 2191 477 cum
2214 434 2331 479 Bur-

281 506 513 541 FONIANA
541 493 796 553 conjuncta.
868 491 938 536 De
963 488 1133 536 familia
1159 488 1433 536 hereditario
1453 491 1557 551 jure
1586 488 1787 551 sedigita.
1855 492 1926 537 De
1957 493 2004 539 vi
2023 491 2326 555 praesagiendi,

280 556 395 602 dum
426 559 586 603 animae
614 557 729 601 vires
760 555 1030 600 exaltantur.
2333 586 2336 587 γ

414 638 471 683 In
496 638 700 683 Afrorum
722 634 958 681 Academiae
983 638 1169 680 Naturae
1191 633 1458 692 Curiosbrum
1488 635 1703 683 Volumina*
1730 635 1876 694 primo
1909 636 2072 692 quib.
2095 649 2231 698 1727.
2249 637 2332 699 4.*

280 698 447 747 excuso
470 705 518 754 J.
552 700 795 748 Gztilielm215
817 700 1040 745 ANDREAE
1074 697 1157 758 obs.
1179 710 1252 754 30.
1284 714 1451 745 enema
1478 715 1557 759 per
1590 715 1639 746 os
1669 699 1884 759 rejeetum
1908 699 2087 753 narrat,

412 784 455 828 &
486 780 566 839 obsi
595 792 667 836 31.
702 777 875 826 menses
900 780 949 825 in
978 780 1130 826 vetula
1156 779 1362 826 fluentes.
1426 811 1430 815 -

411 867 460 917 J.
493 866 704 908 Hem-icus
730 862 863 907 LINK
891 859 1010 907 fetus
1040 858 1153 906 facie
1177 860 1361 906 leonina
1381 894 1395 914 ‚
1433 859 1516 921 obs.
1535 872 1614 920 74.

410 946 594 991 Lacerta
617 941 797 987 vomitu
826 941 998 987 reddita
1026 940 1106 999 obs]
1135 954 1238 999 107.

412 1025 487 1084 EJ.
529 1028 593 1069 De
603 1023 729 1083 stellis
755 1022 1226 1083 nzarinz'sl.s'i'71gulczris
1261 1021 1376 1082 Lips.
1398 1035 1530 1081 1733.
1552 1023 1662 1071 fol*
1709 1022 1919 1072 Gabrielis
1937 1026 2177 1074 FISCHERI
2200 1044 2329 1089 opus.

283 1091 341 1137 In
363 1094 415 1135 eo
440 1088 573 1133 etiam
600 1097 809 1132 anatome
833 1087 1095 1132 animalculi
1119 1086 1364 1146 reperitur,
1403 1089 1444 1132 &
1469 1086 1636 1134 viscera
1663 1090 1826 1148 aliqua.

411 1170 467 1215 In
498 1170 814 1215 Commentariis
833 1166 972 1213 Acad.
998 1171 1152 1214 Scient.
1175 1168 1352 1226 Petrop.
1374 1167 1502 1214 T.11.
1534 1181 1670 1227 1727.
1698 1182 1906 1215 anatome
1933 1168 2244 1219 folliculorum
2263 1190 2334 1220 ca-

280 1234 412 1280 storis
453 1231 593 1340 {plicat
611 1264 624 1284 ‚
673 1232 715 1277 &
741 1227 931 1291 suspicio
948 1264 961 1285 ,
1012 1230 1196 1278 castorei
1228 1231 1472 1277 utilitatem
1494 1233 1691 1293 aliquam
1718 1232 1800 1279 effe
1832 1235 1887 1280 ad
1910 1235 2034 1281 cibos
2058 1234 2334 1297 subigendos

280 1312 332 1343 in
362 1308 455 1343 inte
497 1311 602 1341 inis.

280 1438 310 1488 s
410 1377 465 1448 In
495 1374 671 1436 Mzscell.
704 1375 888 1422 Berolin.
929 1379 1047 1424 Cont.
1077 1376 1137 1422 ΙΙ.
1179 1372 1276 1422 fuse
1313 1376 1464 1438 agitur
1504 1379 1750 1439 multisque
1788 1376 2040 1439 opusculis,
2087 1379 2141 1426 de
2177 1381 2332 1441 pluvia

305 1456 543 1501 angumea.

403 1523 457 1568 In
468 1522 662 1576 Journal
678 1522 728 1568 de
749 1526 953 1570 Trevoux
976 1534 1109 1581 1727.
1130 1522 1340 1570 Februar.
1364 1522 1547 1584 quidam
1563 1521 1726 1570 artisex
1739 1524 1966 1571 vitrorum
1984 1523 2334 1584 polidendorum

281 1585 470 1632 nomine
501 1587 566 1632 LE
594 1588 771 1633 MAIRE
798 1587 987 1633 mirifica
1008 1587 1060 1632 de
1083 1590 1217 1634 oculo
1243 1586 1446 1633 humano
1478 1589 1710 1647 proprium
1737 1604 1813 1647 per
1845 1586 2087 1634 artificium
2112 1589 2161 1634 in
2181 1587 2336 1648 specu-

280 1651 328 1696 lo
364 1647 566 1708 inspecto
608 1650 731 1695 dicit.
830 1650 888 1695 In
927 1667 1045 1697 uvea
1082 1653 1238 1696 tunica
1272 1651 1482 1711 adparere
1521 1652 1647 1697 albos
1693 1652 1928 1711 penicillos
1968 1652 2084 1697 circa
2115 1653 2335 1712 pupillam

275 1714 332 1758 sin
357 1713 562 1758 ordinem
589 1711 838 1773 dispositos.
907 1715 1096 1760 Lentem
1116 1713 1413 1773 crystallinam
1441 1713 1521 1760 effe
1546 1717 1722 1774 plenam
1757 1709 2045 1761 canaliculis:
2090 1715 2336 1776 imaginem

281 1776 334 1821 in
351 1774 496 1820 fundo
524 1777 669 1829 oculi,
704 1779 844 1836 inque
876 1778 1022 1823 retina
1049 1778 1256 1837 depingi,
1294 1781 1444 1830 reete3
1485 1794 1702 1824 cameram
1730 1781 1850 1824 oculi
1874 1777 2162 1838 posteriorem
2195 1781 2336 1839 majo-

282 1853 378 1883 rem
407 1837 518 1883 effe:
567 1841 740 1886 canales
772 1842 822 1885 in
845 1840 1099 1899 crystallina
1137 1842 1257 1886 lente
1286 1857 1365 1900 per
1399 1853 1577 1887 catenas
1619 1857 1851 1889 connexos
1890 1853 2018 1889 motu
2057 1839 2265 1902 systolieo
2292 1844 2335 1890 Sc

281 1900 512 1947 diastolico
542 1903 734 1962 agitari5
773 1904 814 1949 ὃς
840 1916 1018 1950 catenas
1048 1903 1102 1949 de
1135 1919 1185 1949 ea
1211 1906 1330 1950 lente
1358 1903 1567 1963 pendere.

410 1982 467 2029 In
488 1985 688 2037 Journ.a
716 1987 819 2032 Sav.
851 1995 984 2043 1727.
1011 1984 1141 2047 Juin,
1177 1983 1297 2034 fetus
1322 1983 1456 2032 corde
1482 1985 1737 2034 destitutus·

746 2108 792 2169 §.
828 2113 870 2158 D
885 2112 922 2159 C
937 2112 974 2159 C
988 2112 1025 2159 C
1038 2112 1075 2158 C
1088 2113 1135 2160 X
1146 2113 1307 2161 XIII.
1408 2111 1634 2175 Stephanus
1665 2114 1830 2160 HALES
1845 2146 1858 2166 ,

411 2203 702 2252 Ecclesiastiei
726 2207 921 2261 ordinis,
957 2211 1104 2254 rector
1131 2209 1230 2270 pagi
1256 2209 1581 2269 Haddington,
1618 2210 1689 2256 vir
1715 2209 1816 2269 pius
1856 2210 1898 2254 &
1933 2205 2095 2262 solers,
2140 2211 2334 2261 nemini-.-

283 2284 373 2329 que
395 2268 569 2316 invisus
591 2303 603 2322 ,
636 2285 734 2328 quae
756 2286 853 2316 rara
875 2270 1059 2317 fortuna
1085 2272 1168 2324 est,
1207 2273 1527 2332 experimentis
1556 2286 1768 2320 naturam
1788 2272 1993 2332 detegere
2021 2285 2228 2327 conatus,
2260 2273 2335 2322 sae-

283 2331 457 2391 piffime
479 2331 599 2378 felix.
669 2334 789 2393 Ejus
815 2335 1030 2395 vegetable
1042 2335 1198 2395 statihs
1231 2336 1375 2381 Lond.
1396 2347 1529 2393 1727.
1559 2338 1632 2390 8.¹‘
1658 2336 1852 2382 'Gallice
1872 2335 1996 2381 versa
2021 2353 2045 2382 a
2063 2338 2330 2385 BUFFONIO

282 2396 407 2442 Paris
429 2407 562 2454 1735.
588 2393 670 2453 4.*
716 2397 887 2457 Belgice
915 2410 1047 2454 1750.
1069 2405 1110 2451 8.
1156 2400 1449 2454 „Germanice
1486 2399 1605 2445 edita
1639 2400 1761 2445 Hall.
1807 2411 1941 2457 1747.
1978 2411 2024 2457 4.
2091 2399 2251 2446 Paffim
2278 2400 2335 2448 ad

283 2457 612 2519 physiologiam
637 2461 846 2518 pertinet.
914 2461 1287 2519 Experimentum
1311 2460 1444 2508 suum
1468 2464 1591 2515 citat,
1629 2460 1769 2508 fusius
1795 2463 1845 2508 in
1868 2464 2076 2522 proximo
2101 2480 2233 2524 opere
2259 2480 2335 2509 ex-

284 2521 507 2581 politum,
554 2538 646 2582 quo
672 2520 810 2568 saltus
835 2521 1064 2582 sanguinis
1090 2524 1143 2570 de
1173 2524 1334 2571 arteria
1366 2526 1530 2572 crurali
1556 2525 1825 2586 prosilientis
1864 2527 1913 2571 in
1941 2542 2058 2585 equo
2094 2525 2331 2579 definivit,

286 2585 437 2642 quiin
457 2600 576 2644 equo
602 2583 740 2631 fuerit
763 2585 877 2630 circa
899 2599 942 2639 9.
969 2586 1099 2644 pedes
1120 2604 1222 2634 cum
1244 2589 1432 2635 dimidio
1451 2622 1463 2642 ,
1498 2591 1547 2634 in
1573 2606 1679 2635 cane
1703 2591 1819 2635 inter
1843 2594 1885 2635 6.
1904 2591 1946 2635 &
1971 2602 2011 2646 7ι
2040 2590 2188 2649 pedes.
2241 2591 2333 2637 Iter

288 2646 546 2708 languinis,
581 2649 864 2708 aliorumque
892 2647 1137 2694 humorum
1169 2653 1430 2698 animalium
1460 2653 1734 2699 velocitates.
1801 2654 1871 2698 De
1906 2652 1953 2698 vi
1987 2669 2075 2712 qua
2101 2651 2336 2712 respiratio

287 2717 434 2757 a‘e'rem
453 2712 600 2757 reddit
618 2711 851 2763 inutilem,
888 2710 1109 2757 destructo
1135 2714 1230 2771 ejus
1260 2716 1434 2761 elatere.
1506 2717 1648 2777 Copia
1677 2716 1804 2768 aeris,
1841 2732 1940 2774 quae
1960 2714 2228 2774 inspiratur,
2264 2717 2335 2763 vis

288 2788 378 2830 qua
414 2772 595 2820 efflatur
617 2808 631 2828 ‚
681 2790 781 2821 area
814 2774 1069 2834 pulmonis,
1112 2773 1282 2822 fabrica
1311 2778 1604 2825 velicularum
1628 2814 1640 2832 ‚
1676 2780 1776 2825 alia.
1867 2780 2052 2825 Motum
2085 2777 2334 2825 humorum

233 2864 238 2874 ι
287 2834 341 2879 in
370 2837 532 2893 plantis
569 2836 649 2883 effe
683 2839 816 2884 unice
855 2853 881 2882 a
915 2837 964 2883 vi
1000 2837 1223 2886 adtractili
1264 2840 1531 2890 tubulorum
1567 2842 1847 2904 capillarium
1892 2842 1935 2890 &
1967 2858 1992 2888 a
2024 2839 2130 2890 solis
2167 2843 2334 2891 calore.

287 2896 373 2944 wis
402 2914 491 2958 qua
515 2898 671 2950 succus
698 2902 748 2949 in
776 2901 869 2950 vite
901 2911 1124 2971 movetur.

2154 2986 2329 3048 EJUsD.
