<?xml version="1.0" encoding="UTF-8"?>
<!DOCTYPE html PUBLIC "-//W3C//DTD XHTML 1.0 Transitional//EN"
    "http://www.w3.org/TR/xhtml1/DTD/xhtml1-transitional.dtd">
<html xmlns="http://www.w3.org/1999/xhtml" xml:lang="en" lang="en">
 <head>
  <title>
</title>
<meta http-equiv="Content-Type" content="text/html;charset=utf-8" />
  <meta name='ocr-system' content='tesseract 3.04.00' />
  <meta name='ocr-capabilities' content='ocr_page ocr_carea ocr_par ocr_line ocrx_word'/>
</head>
<body>
  <div class='ocr_page' id='page_1' title='image "bibliothecaanato02hall_0386.png"; bbox 0 0 2531 3394; ppageno 0'>
   <div class='ocr_carea' id='block_1_1' title="bbox 331 88 1973 190">
    <p class='ocr_par' dir='ltr' id='par_1_1' title="bbox 331 88 1973 190">
     <span class='ocr_line' id='line_1_1' title="bbox 331 88 1973 190; baseline -0.002 -11"><span class='ocrx_word' id='word_1_1' title='bbox 331 131 425 190; x_wconf 67' lang='lat'>‘376</span> <span class='ocrx_word' id='word_1_2' title='bbox 595 188 598 189; x_wconf 4' lang='grc' dir='ltr'><em>ᾗ</em></span> <span class='ocrx_word' id='word_1_3' title='bbox 731 88 864 178; x_wconf 68' lang='grc' dir='ltr'>ΜΒ.</span> <span class='ocrx_word' id='word_1_4' title='bbox 913 129 1005 176; x_wconf 79' lang='lat' dir='ltr'>IX.</span> <span class='ocrx_word' id='word_1_5' title='bbox 1071 122 1482 176; x_wconf 82' lang='lat' dir='ltr'>ANATOMES</span> <span class='ocrx_word' id='word_1_6' title='bbox 1532 103 1973 175; x_wconf 10' lang='lat' dir='ltr'><strong>PAER&#39;FECTIO.</strong></span> 
     </span>
    </p>
   </div>
   <div class='ocr_carea' id='block_1_2' title="bbox 330 227 2390 451">
    <p class='ocr_par' dir='ltr' id='par_1_2' title="bbox 330 227 2390 451">
     <span class='ocr_line' id='line_1_2' title="bbox 460 227 2389 323; baseline 0 -16"><span class='ocrx_word' id='word_1_7' title='bbox 460 261 535 323; x_wconf 89' lang='lat' dir='ltr'>EJ.</span> <span class='ocrx_word' id='word_1_8' title='bbox 577 246 957 322; x_wconf 78' lang='lat' dir='ltr'>&amp;respondentis</span> <span class='ocrx_word' id='word_1_9' title='bbox 980 227 1273 307; x_wconf 56' lang='lat' dir='ltr'>Bartholomaei</span> <span class='ocrx_word' id='word_1_10' title='bbox 1308 254 1471 305; x_wconf 81' lang='lat' dir='ltr'>Thomae</span> <span class='ocrx_word' id='word_1_11' title='bbox 1493 256 1796 322; x_wconf 65' lang='lat' dir='ltr'>TOUssAlNT</span> <span class='ocrx_word' id='word_1_12' title='bbox 1825 256 1864 302; x_wconf 86' lang='lat' dir='ltr'>le</span> <span class='ocrx_word' id='word_1_13' title='bbox 1882 258 2051 306; x_wconf 80' lang='lat' dir='ltr'>CLERC</span> <span class='ocrx_word' id='word_1_14' title='bbox 2066 293 2080 312; x_wconf 89' lang='lat'>,</span> <span class='ocrx_word' id='word_1_15' title='bbox 2118 262 2162 307; x_wconf 89' lang='lat' dir='ltr'>E.</span> <span class='ocrx_word' id='word_1_16' title='bbox 2179 257 2389 322; x_wconf 66' lang='lat' dir='ltr'>p‘ulfiett&#39;o-</span> 
     </span>
     <span class='ocr_line' id='line_1_3' title="bbox 331 318 2390 386; baseline -0.003 -13"><span class='ocrx_word' id='word_1_17' title='bbox 331 326 393 373; x_wconf 75' lang='lat' dir='ltr'>nis</span> <span class='ocrx_word' id='word_1_18' title='bbox 412 324 584 386; x_wconf 57' lang='lat' dir='ltr'>defhelus</span> <span class='ocrx_word' id='word_1_19' title='bbox 610 330 655 372; x_wconf 88' lang='lat' dir='ltr'>in</span> <span class='ocrx_word' id='word_1_20' title='bbox 680 327 794 372; x_wconf 56' lang='lat' dir='ltr'>venia</span> <span class='ocrx_word' id='word_1_21' title='bbox 821 325 874 371; x_wconf 83' lang='lat' dir='ltr'>ab</span> <span class='ocrx_word' id='word_1_22' title='bbox 903 322 1188 384; x_wconf 73' lang='lat' dir='ltr'>cequabilitate</span> <span class='ocrx_word' id='word_1_23' title='bbox 1213 333 1343 368; x_wconf 78' lang='lat' dir='ltr'>metm</span> <span class='ocrx_word' id='word_1_24' title='bbox 1364 320 1595 383; x_wconf 69' lang='lat' dir='ltr'>sanguinis</span> <span class='ocrx_word' id='word_1_25' title='bbox 1615 318 1749 368; x_wconf 84' lang='lat' dir='ltr'>Paris.</span> <span class='ocrx_word' id='word_1_26' title='bbox 1779 332 1915 380; x_wconf 85' lang='lat'>1745.</span> <span class='ocrx_word' id='word_1_27' title='bbox 1983 323 2098 370; x_wconf 78' lang='lat' dir='ltr'>Vim</span> <span class='ocrx_word' id='word_1_28' title='bbox 2120 325 2390 373; x_wconf 81' lang='lat' dir='ltr'>arteriarum</span> 
     </span>
     <span class='ocr_line' id='line_1_4' title="bbox 330 383 1554 451; baseline -0.003 -16"><span class='ocrx_word' id='word_1_29' title='bbox 330 387 483 451; x_wconf 79' lang='lat' dir='ltr'>frangi</span> <span class='ocrx_word' id='word_1_30' title='bbox 507 400 533 436; x_wconf 80' lang='lat' dir='ltr'>a</span> <span class='ocrx_word' id='word_1_31' title='bbox 555 388 747 437; x_wconf 65' lang='lat' dir='ltr'>vastulis</span> <span class='ocrx_word' id='word_1_32' title='bbox 776 388 1085 449; x_wconf 66' lang='lat' dir='ltr'>capillmibus,</span> <span class='ocrx_word' id='word_1_33' title='bbox 1121 398 1174 433; x_wconf 84' lang='lat' dir='ltr'>ut</span> <span class='ocrx_word' id='word_1_34' title='bbox 1200 384 1255 432; x_wconf 87' lang='lat' dir='ltr'>fit</span> <span class='ocrx_word' id='word_1_35' title='bbox 1274 386 1324 431; x_wconf 90' lang='lat' dir='ltr'>in</span> <span class='ocrx_word' id='word_1_36' title='bbox 1351 383 1554 446; x_wconf 80' lang='lat' dir='ltr'>spongia.</span> 
     </span>
    </p>
   </div>
   <div class='ocr_carea' id='block_1_3' title="bbox 331 465 2391 726">
    <p class='ocr_par' dir='ltr' id='par_1_3' title="bbox 331 465 2391 726">
     <span class='ocr_line' id='line_1_5' title="bbox 460 465 2391 533; baseline 0 -15"><span class='ocrx_word' id='word_1_37' title='bbox 460 472 536 533; x_wconf 87' lang='lat' dir='ltr'>EJ.</span> <span class='ocrx_word' id='word_1_38' title='bbox 575 471 798 518; x_wconf 79' lang='lat' dir='ltr'>Medecine</span> <span class='ocrx_word' id='word_1_39' title='bbox 813 469 863 516; x_wconf 84' lang='lat' dir='ltr'>de</span> <span class='ocrx_word' id='word_1_40' title='bbox 883 469 1047 529; x_wconf 80' lang='lat' dir='ltr'>l’esprit</span> <span class='ocrx_word' id='word_1_41' title='bbox 1077 468 1199 514; x_wconf 85' lang='lat' dir='ltr'>Paris</span> <span class='ocrx_word' id='word_1_42' title='bbox 1222 479 1356 525; x_wconf 84' lang='lat'>1752.</span> <span class='ocrx_word' id='word_1_43' title='bbox 1378 479 1448 514; x_wconf 86' lang='lat'>12.</span> <span class='ocrx_word' id='word_1_44' title='bbox 1477 465 1671 514; x_wconf 85' lang='lat' dir='ltr'>2.Vol.*</span> <span class='ocrx_word' id='word_1_45' title='bbox 1713 473 1847 524; x_wconf 85' lang='lat'><strong>1769.</strong></span> <span class='ocrx_word' id='word_1_46' title='bbox 1876 478 1921 525; x_wconf 92' lang='lat'>4.</span> <span class='ocrx_word' id='word_1_47' title='bbox 1946 468 1988 513; x_wconf 84' lang='lat'>&amp;</span> <span class='ocrx_word' id='word_1_48' title='bbox 2015 479 2086 514; x_wconf 87' lang='lat'>12.</span> <span class='ocrx_word' id='word_1_49' title='bbox 2115 469 2270 517; x_wconf 84' lang='lat' dir='ltr'>2.Vol.</span> <span class='ocrx_word' id='word_1_50' title='bbox 2307 471 2391 518; x_wconf 84' lang='lat' dir='ltr'>Hi-</span> 
     </span>
     <span class='ocr_line' id='line_1_6' title="bbox 331 530 2389 586; baseline -0.001 -3"><span class='ocrx_word' id='word_1_51' title='bbox 331 535 467 583; x_wconf 85' lang='lat' dir='ltr'>storia</span> <span class='ocrx_word' id='word_1_52' title='bbox 493 538 713 582; x_wconf 84' lang='lat' dir='ltr'>naturalis</span> <span class='ocrx_word' id='word_1_53' title='bbox 737 536 912 586; x_wconf 63' lang='lat' dir='ltr'>animae,</span> <span class='ocrx_word' id='word_1_54' title='bbox 945 530 1219 578; x_wconf 83' lang='lat' dir='ltr'>sensationes</span> <span class='ocrx_word' id='word_1_55' title='bbox 1242 532 1436 584; x_wconf 62' lang='lat' dir='ltr'>directae,</span> <span class='ocrx_word' id='word_1_56' title='bbox 1466 530 1642 577; x_wconf 78' lang='lat' dir='ltr'>reflexae</span> <span class='ocrx_word' id='word_1_57' title='bbox 1659 565 1671 583; x_wconf 90' lang='lat'>,</span> <span class='ocrx_word' id='word_1_58' title='bbox 1703 530 1858 577; x_wconf 78' lang='lat' dir='ltr'>mistae.</span> <span class='ocrx_word' id='word_1_59' title='bbox 1928 532 1999 578; x_wconf 92' lang='lat' dir='ltr'>Sic</span> <span class='ocrx_word' id='word_1_60' title='bbox 2023 534 2290 586; x_wconf 84' lang='lat' dir='ltr'>ratiocinia;</span> <span class='ocrx_word' id='word_1_61' title='bbox 2333 533 2389 580; x_wconf 85' lang='lat' dir='ltr'>fic</span> 
     </span>
     <span class='ocr_line' id='line_1_7' title="bbox 331 595 2389 655; baseline -0.001 -9"><span class='ocrx_word' id='word_1_62' title='bbox 331 601 561 647; x_wconf 85' lang='lat' dir='ltr'>memoria.</span> <span class='ocrx_word' id='word_1_63' title='bbox 630 597 843 646; x_wconf 65' lang='lat' dir='ltr'>Adfec‘tus</span> <span class='ocrx_word' id='word_1_64' title='bbox 871 597 1026 642; x_wconf 88' lang='lat' dir='ltr'>animi.</span> <span class='ocrx_word' id='word_1_65' title='bbox 1094 595 1302 642; x_wconf 86' lang='lat' dir='ltr'>Influxus</span> <span class='ocrx_word' id='word_1_66' title='bbox 1335 611 1579 655; x_wconf 88' lang='lat' dir='ltr'>corporum</span> <span class='ocrx_word' id='word_1_67' title='bbox 1612 597 1890 641; x_wconf 82' lang='lat' dir='ltr'>exteriorum</span> <span class='ocrx_word' id='word_1_68' title='bbox 1919 596 1971 640; x_wconf 89' lang='lat' dir='ltr'>in</span> <span class='ocrx_word' id='word_1_69' title='bbox 2007 595 2238 641; x_wconf 83' lang='lat' dir='ltr'>animam:</span> <span class='ocrx_word' id='word_1_70' title='bbox 2285 610 2389 644; x_wconf 83' lang='lat' dir='ltr'>tum</span> 
     </span>
     <span class='ocr_line' id='line_1_8' title="bbox 332 656 2388 726; baseline -0.001 -15"><span class='ocrx_word' id='word_1_71' title='bbox 332 665 661 726; x_wconf 80' lang='lat' dir='ltr'>generationis,</span> <span class='ocrx_word' id='word_1_72' title='bbox 698 662 837 714; x_wconf 82' lang='lat' dir='ltr'>aeris,</span> <span class='ocrx_word' id='word_1_73' title='bbox 875 661 1079 706; x_wconf 86' lang='lat' dir='ltr'>ciborum</span> <span class='ocrx_word' id='word_1_74' title='bbox 1097 693 1108 712; x_wconf 90' lang='lat'>,</span> <span class='ocrx_word' id='word_1_75' title='bbox 1147 676 1238 719; x_wconf 89' lang='lat' dir='ltr'>quo</span> <span class='ocrx_word' id='word_1_76' title='bbox 1263 661 1364 706; x_wconf 91' lang='lat' dir='ltr'>loco</span> <span class='ocrx_word' id='word_1_77' title='bbox 1392 661 1549 705; x_wconf 59' lang='lat' dir='ltr'>auetor</span> <span class='ocrx_word' id='word_1_78' title='bbox 1575 659 1783 705; x_wconf 78' lang='lat' dir='ltr'>acoribus</span> <span class='ocrx_word' id='word_1_79' title='bbox 1811 656 1947 705; x_wconf 85' lang='lat' dir='ltr'>favet.</span> <span class='ocrx_word' id='word_1_80' title='bbox 1994 659 2388 719; x_wconf 86' lang='lat' dir='ltr'>Temperamenta.</span> 
     </span>
    </p>
   </div>
   <div class='ocr_carea' id='block_1_4' title="bbox 332 738 2392 1057">
    <p class='ocr_par' dir='ltr' id='par_1_4' title="bbox 332 738 2392 1057">
     <span class='ocr_line' id='line_1_9' title="bbox 463 738 2392 807; baseline -0.002 -15"><span class='ocrx_word' id='word_1_81' title='bbox 463 747 538 807; x_wconf 87' lang='lat' dir='ltr'>EJ.</span> <span class='ocrx_word' id='word_1_82' title='bbox 575 749 805 791; x_wconf 63' lang='lat' dir='ltr'>Alemoires</span> <span class='ocrx_word' id='word_1_83' title='bbox 827 743 906 803; x_wconf 72' lang='lat' dir='ltr'>fizr</span> <span class='ocrx_word' id='word_1_84' title='bbox 941 740 1088 787; x_wconf 81' lang='lat' dir='ltr'>divers</span> <span class='ocrx_word' id='word_1_85' title='bbox 1107 741 1242 800; x_wconf 82' lang='lat' dir='ltr'>sujets</span> <span class='ocrx_word' id='word_1_86' title='bbox 1267 741 1320 786; x_wconf 86' lang='lat' dir='ltr'>de</span> <span class='ocrx_word' id='word_1_87' title='bbox 1348 738 1553 787; x_wconf 84' lang='lat' dir='ltr'>medecine</span> <span class='ocrx_word' id='word_1_88' title='bbox 1596 741 1717 787; x_wconf 86' lang='lat' dir='ltr'>Paris</span> <span class='ocrx_word' id='word_1_89' title='bbox 1740 745 1879 798; x_wconf 64' lang='lat'>1760,</span> <span class='ocrx_word' id='word_1_90' title='bbox 1920 740 2027 787; x_wconf 81' lang='lat'>12.*</span> <span class='ocrx_word' id='word_1_91' title='bbox 2092 740 2277 786; x_wconf 78' lang='lat' dir='ltr'>Poetam</span> <span class='ocrx_word' id='word_1_92' title='bbox 2315 741 2392 788; x_wconf 85' lang='lat' dir='ltr'>ad-</span> 
     </span>
     <span class='ocr_line' id='line_1_10' title="bbox 332 801 2389 872; baseline -0.001 -16"><span class='ocrx_word' id='word_1_93' title='bbox 332 807 534 872; x_wconf 79' lang='lat' dir='ltr'>gnoscas.</span> <span class='ocrx_word' id='word_1_94' title='bbox 602 809 657 854; x_wconf 90' lang='lat' dir='ltr'>In</span> <span class='ocrx_word' id='word_1_95' title='bbox 688 808 868 854; x_wconf 78' lang='lat' dir='ltr'>cerebro</span> <span class='ocrx_word' id='word_1_96' title='bbox 895 803 1048 851; x_wconf 87' lang='lat' dir='ltr'>semen</span> <span class='ocrx_word' id='word_1_97' title='bbox 1078 805 1248 865; x_wconf 85' lang='lat' dir='ltr'>parari,</span> <span class='ocrx_word' id='word_1_98' title='bbox 1285 805 1335 850; x_wconf 89' lang='lat' dir='ltr'>in</span> <span class='ocrx_word' id='word_1_99' title='bbox 1357 822 1449 865; x_wconf 93' lang='lat' dir='ltr'>quo</span> <span class='ocrx_word' id='word_1_100' title='bbox 1478 803 1567 850; x_wconf 86' lang='lat' dir='ltr'>sint</span> <span class='ocrx_word' id='word_1_101' title='bbox 1589 821 1724 864; x_wconf 87' lang='lat' dir='ltr'>parva</span> <span class='ocrx_word' id='word_1_102' title='bbox 1752 804 1932 850; x_wconf 85' lang='lat' dir='ltr'>cerebra</span> <span class='ocrx_word' id='word_1_103' title='bbox 1951 838 1962 857; x_wconf 91' lang='lat'>,</span> <span class='ocrx_word' id='word_1_104' title='bbox 2008 801 2156 850; x_wconf 85' lang='lat' dir='ltr'>futuri</span> <span class='ocrx_word' id='word_1_105' title='bbox 2184 805 2389 853; x_wconf 88' lang='lat' dir='ltr'>animalis</span> 
     </span>
     <span class='ocr_line' id='line_1_11' title="bbox 335 867 2387 934; baseline -0.001 -15"><span class='ocrx_word' id='word_1_106' title='bbox 335 874 550 934; x_wconf 82' lang='lat' dir='ltr'>germina.</span> <span class='ocrx_word' id='word_1_107' title='bbox 654 873 815 918; x_wconf 85' lang='lat' dir='ltr'>Semen</span> <span class='ocrx_word' id='word_1_108' title='bbox 858 868 1068 915; x_wconf 81' lang='lat' dir='ltr'>siccatum</span> <span class='ocrx_word' id='word_1_109' title='bbox 1115 868 1240 914; x_wconf 87' lang='lat' dir='ltr'>abire</span> <span class='ocrx_word' id='word_1_110' title='bbox 1282 869 1332 914; x_wconf 88' lang='lat' dir='ltr'>in</span> <span class='ocrx_word' id='word_1_111' title='bbox 1372 869 1763 920; x_wconf 83' lang='lat' dir='ltr'>membranulam3</span> <span class='ocrx_word' id='word_1_112' title='bbox 1814 867 1871 914; x_wconf 85' lang='lat' dir='ltr'>fic</span> <span class='ocrx_word' id='word_1_113' title='bbox 1913 868 2084 914; x_wconf 81' lang='lat' dir='ltr'>cerebri</span> <span class='ocrx_word' id='word_1_114' title='bbox 2128 868 2387 916; x_wconf 82' lang='lat' dir='ltr'><strong>medullam.</strong></span> 
     </span>
     <span class='ocr_line' id='line_1_12' title="bbox 333 930 2386 995; baseline -0.001 -12"><span class='ocrx_word' id='word_1_115' title='bbox 333 936 486 984; x_wconf 85' lang='lat' dir='ltr'>Testes</span> <span class='ocrx_word' id='word_1_116' title='bbox 511 933 590 981; x_wconf 85' lang='lat' dir='ltr'>effe</span> <span class='ocrx_word' id='word_1_117' title='bbox 616 934 807 995; x_wconf 76' lang='lat' dir='ltr'>ganglia.</span> <span class='ocrx_word' id='word_1_118' title='bbox 877 934 948 979; x_wconf 88' lang='lat' dir='ltr'>De</span> <span class='ocrx_word' id='word_1_119' title='bbox 978 930 1110 993; x_wconf 82' lang='lat' dir='ltr'>pulsu</span> <span class='ocrx_word' id='word_1_120' title='bbox 1141 933 1300 979; x_wconf 88' lang='lat' dir='ltr'>critico</span> <span class='ocrx_word' id='word_1_121' title='bbox 1328 934 1463 979; x_wconf 82' lang='lat' dir='ltr'>etiam</span> <span class='ocrx_word' id='word_1_122' title='bbox 1488 933 1668 979; x_wconf 88' lang='lat' dir='ltr'>narium</span> <span class='ocrx_word' id='word_1_123' title='bbox 1699 930 2075 994; x_wconf 79' lang='lat' dir='ltr'>haemorrhagiam</span> <span class='ocrx_word' id='word_1_124' title='bbox 2094 933 2386 992; x_wconf 68' lang='lat' dir='ltr'><strong>praedicente,</strong></span> 
     </span>
     <span class='ocr_line' id='line_1_13' title="bbox 335 995 1593 1057; baseline -0.003 -11"><span class='ocrx_word' id='word_1_125' title='bbox 335 1002 377 1047; x_wconf 66' lang='grc' dir='ltr'>ἃ</span> <span class='ocrx_word' id='word_1_126' title='bbox 406 998 774 1046; x_wconf 68' lang='lat' dir='ltr'><strong>haemorrhoides.</strong></span> <span class='ocrx_word' id='word_1_127' title='bbox 846 995 1143 1044; x_wconf 79' lang='lat' dir='ltr'>Chinensium</span> <span class='ocrx_word' id='word_1_128' title='bbox 1171 996 1224 1042; x_wconf 91' lang='lat' dir='ltr'>de</span> <span class='ocrx_word' id='word_1_129' title='bbox 1250 995 1382 1057; x_wconf 87' lang='lat' dir='ltr'>pulsu</span> <span class='ocrx_word' id='word_1_130' title='bbox 1402 995 1593 1043; x_wconf 86' lang='lat' dir='ltr'>theoria.</span> 
     </span>
    </p>
   </div>
   <div class='ocr_carea' id='block_1_5' title="bbox 332 1074 2390 1324">
    <p class='ocr_par' dir='ltr' id='par_1_5' title="bbox 332 1074 2390 1324">
     <span class='ocr_line' id='line_1_14' title="bbox 461 1074 2390 1143; baseline 0 -16"><span class='ocrx_word' id='word_1_131' title='bbox 461 1082 534 1140; x_wconf 87' lang='lat' dir='ltr'>EJ.</span> <span class='ocrx_word' id='word_1_132' title='bbox 572 1085 681 1142; x_wconf 77' lang='lat' dir='ltr'>Ergo</span> <span class='ocrx_word' id='word_1_133' title='bbox 709 1098 736 1126; x_wconf 81' lang='lat' dir='ltr'>a</span> <span class='ocrx_word' id='word_1_134' title='bbox 752 1079 894 1143; x_wconf 80' lang='lat' dir='ltr'>fluido</span> <span class='ocrx_word' id='word_1_135' title='bbox 920 1078 1108 1125; x_wconf 64' lang='lat' dir='ltr'>elec‘i‘rico</span> <span class='ocrx_word' id='word_1_136' title='bbox 1132 1083 1229 1125; x_wconf 83' lang='lat' dir='ltr'>vita</span> <span class='ocrx_word' id='word_1_137' title='bbox 1247 1113 1259 1132; x_wconf 87' lang='lat'>‚</span> <span class='ocrx_word' id='word_1_138' title='bbox 1295 1091 1424 1125; x_wconf 79' lang='lat' dir='ltr'>motus</span> <span class='ocrx_word' id='word_1_139' title='bbox 1453 1076 1511 1134; x_wconf 53' lang='grc' dir='ltr'>ἓξ</span> <span class='ocrx_word' id='word_1_140' title='bbox 1522 1076 1706 1138; x_wconf 82' lang='lat' dir='ltr'>sensatio</span> <span class='ocrx_word' id='word_1_141' title='bbox 1746 1074 1879 1123; x_wconf 84' lang='lat' dir='ltr'>Paris.</span> <span class='ocrx_word' id='word_1_142' title='bbox 1901 1083 2034 1135; x_wconf 85' lang='lat'>1761.</span> <span class='ocrx_word' id='word_1_143' title='bbox 2057 1075 2139 1136; x_wconf 76' lang='lat'>4*</span> <span class='ocrx_word' id='word_1_144' title='bbox 2201 1078 2390 1127; x_wconf 69' lang='lat' dir='ltr'>&#39;Elecstri-</span> 
     </span>
     <span class='ocr_line' id='line_1_15' title="bbox 332 1140 2387 1203; baseline -0 -12"><span class='ocrx_word' id='word_1_145' title='bbox 332 1160 436 1192; x_wconf 86' lang='lat' dir='ltr'>cum</span> <span class='ocrx_word' id='word_1_146' title='bbox 473 1156 719 1190; x_wconf 75' lang='lat' dir='ltr'>torrentem</span> <span class='ocrx_word' id='word_1_147' title='bbox 758 1146 808 1190; x_wconf 85' lang='lat' dir='ltr'>in</span> <span class='ocrx_word' id='word_1_148' title='bbox 842 1159 1027 1203; x_wconf 80' lang='lat' dir='ltr'>corpore</span> <span class='ocrx_word' id='word_1_149' title='bbox 1064 1142 1269 1189; x_wconf 89' lang='lat' dir='ltr'>humano</span> <span class='ocrx_word' id='word_1_150' title='bbox 1301 1144 1411 1189; x_wconf 79' lang='lat' dir='ltr'>oriri</span> <span class='ocrx_word' id='word_1_151' title='bbox 1440 1159 1496 1188; x_wconf 84' lang='lat' dir='ltr'>ex</span> <span class='ocrx_word' id='word_1_152' title='bbox 1531 1140 1740 1188; x_wconf 60' lang='lat' dir='ltr'>frictione</span> <span class='ocrx_word' id='word_1_153' title='bbox 1765 1141 1967 1187; x_wconf 84' lang='lat' dir='ltr'>materiei</span> <span class='ocrx_word' id='word_1_154' title='bbox 2004 1140 2163 1188; x_wconf 74' lang='lat' dir='ltr'>diversi</span> <span class='ocrx_word' id='word_1_155' title='bbox 2194 1145 2387 1203; x_wconf 86' lang='lat' dir='ltr'>generis.</span> 
     </span>
     <span class='ocr_line' id='line_1_16' title="bbox 332 1204 2390 1266; baseline 0 -11"><span class='ocrx_word' id='word_1_156' title='bbox 332 1212 402 1256; x_wconf 85' lang='lat' dir='ltr'>Ex</span> <span class='ocrx_word' id='word_1_157' title='bbox 433 1209 613 1255; x_wconf 88' lang='lat' dir='ltr'>cerebro</span> <span class='ocrx_word' id='word_1_158' title='bbox 643 1224 718 1266; x_wconf 88' lang='lat' dir='ltr'>per</span> <span class='ocrx_word' id='word_1_159' title='bbox 748 1223 913 1253; x_wconf 81' lang='lat' dir='ltr'>nervos</span> <span class='ocrx_word' id='word_1_160' title='bbox 947 1223 1051 1252; x_wconf 89' lang='lat' dir='ltr'>eum</span> <span class='ocrx_word' id='word_1_161' title='bbox 1077 1218 1326 1253; x_wconf 83' lang='lat' dir='ltr'>torrentem</span> <span class='ocrx_word' id='word_1_162' title='bbox 1354 1222 1537 1252; x_wconf 85' lang='lat' dir='ltr'>manare</span> <span class='ocrx_word' id='word_1_163' title='bbox 1563 1222 1639 1266; x_wconf 86' lang='lat' dir='ltr'>per</span> <span class='ocrx_word' id='word_1_164' title='bbox 1662 1205 1864 1264; x_wconf 81' lang='lat' dir='ltr'>adipem,</span> <span class='ocrx_word' id='word_1_165' title='bbox 1902 1206 1982 1264; x_wconf 86' lang='lat' dir='ltr'>qui</span> <span class='ocrx_word' id='word_1_166' title='bbox 2008 1221 2105 1252; x_wconf 89' lang='lat' dir='ltr'>non</span> <span class='ocrx_word' id='word_1_167' title='bbox 2132 1204 2187 1254; x_wconf 85' lang='lat' dir='ltr'>fit</span> <span class='ocrx_word' id='word_1_168' title='bbox 2218 1208 2390 1256; x_wconf 64' lang='lat' dir='ltr'>electri-</span> 
     </span>
     <span class='ocr_line' id='line_1_17' title="bbox 333 1267 1994 1324; baseline -0.003 -4"><span class='ocrx_word' id='word_1_169' title='bbox 333 1289 426 1320; x_wconf 83' lang='lat' dir='ltr'>cus.</span> <span class='ocrx_word' id='word_1_170' title='bbox 493 1273 603 1319; x_wconf 92' lang='lat' dir='ltr'>Duo</span> <span class='ocrx_word' id='word_1_171' title='bbox 633 1272 753 1319; x_wconf 86' lang='lat' dir='ltr'>succi</span> <span class='ocrx_word' id='word_1_172' title='bbox 775 1271 956 1324; x_wconf 88' lang='lat' dir='ltr'>nervei,</span> <span class='ocrx_word' id='word_1_173' title='bbox 994 1268 1175 1317; x_wconf 85' lang='lat' dir='ltr'>craffior</span> <span class='ocrx_word' id='word_1_174' title='bbox 1199 1271 1483 1324; x_wconf 79' lang='lat' dir='ltr'>admotum,</span> <span class='ocrx_word' id='word_1_175' title='bbox 1515 1271 1698 1316; x_wconf 84' lang='lat' dir='ltr'>tenuior</span> <span class='ocrx_word' id='word_1_176' title='bbox 1726 1268 1780 1315; x_wconf 84' lang='lat' dir='ltr'>ad</span> <span class='ocrx_word' id='word_1_177' title='bbox 1801 1267 1994 1316; x_wconf 87' lang='lat' dir='ltr'>sensum.</span> 
     </span>
    </p>
   </div>
   <div class='ocr_carea' id='block_1_6' title="bbox 848 1399 1844 1462">
    <p class='ocr_par' dir='ltr' id='par_1_6' title="bbox 848 1399 1844 1462">
     <span class='ocr_line' id='line_1_18' title="bbox 848 1399 1844 1462; baseline -0.003 -13"><span class='ocrx_word' id='word_1_178' title='bbox 848 1400 895 1458; x_wconf 83' lang='lat'>§.</span> <span class='ocrx_word' id='word_1_179' title='bbox 937 1399 1120 1451; x_wconf 84' lang='lat' dir='ltr'><strong>MLII.</strong></span> <span class='ocrx_word' id='word_1_180' title='bbox 1215 1401 1308 1462; x_wconf 88' lang='lat' dir='ltr'>Jos.</span> <span class='ocrx_word' id='word_1_181' title='bbox 1337 1404 1494 1448; x_wconf 81' lang='lat' dir='ltr'>Maria</span> <span class='ocrx_word' id='word_1_182' title='bbox 1518 1404 1589 1448; x_wconf 80' lang='lat' dir='ltr'>Fr.</span> <span class='ocrx_word' id='word_1_183' title='bbox 1616 1400 1660 1446; x_wconf 87' lang='lat' dir='ltr'>la</span> <span class='ocrx_word' id='word_1_184' title='bbox 1682 1399 1815 1446; x_wconf 84' lang='lat' dir='ltr'>SONE</span> <span class='ocrx_word' id='word_1_185' title='bbox 1832 1432 1844 1452; x_wconf 92' lang='lat'>,</span> 
     </span>
    </p>
   </div>
   <div class='ocr_carea' id='block_1_7' title="bbox 319 1494 2384 1630">
    <p class='ocr_par' dir='ltr' id='par_1_7' title="bbox 319 1494 2384 1630">
     <span class='ocr_line' id='line_1_19' title="bbox 457 1494 2384 1564; baseline -0.003 -16"><span class='ocrx_word' id='word_1_186' title='bbox 457 1502 646 1564; x_wconf 76' lang='lat' dir='ltr'>Reginae</span> <span class='ocrx_word' id='word_1_187' title='bbox 678 1500 911 1553; x_wconf 86' lang='lat' dir='ltr'>Medicus,</span> <span class='ocrx_word' id='word_1_188' title='bbox 952 1501 993 1546; x_wconf 84' lang='lat'>&amp;</span> <span class='ocrx_word' id='word_1_189' title='bbox 1032 1497 1296 1552; x_wconf 83' lang='lat' dir='ltr'>Archiater,</span> <span class='ocrx_word' id='word_1_190' title='bbox 1344 1499 1416 1545; x_wconf 86' lang='lat' dir='ltr'>vir</span> <span class='ocrx_word' id='word_1_191' title='bbox 1453 1499 1522 1546; x_wconf 91' lang='lat' dir='ltr'>Cl.</span> <span class='ocrx_word' id='word_1_192' title='bbox 1559 1500 1601 1544; x_wconf 87' lang='lat'>&amp;</span> <span class='ocrx_word' id='word_1_193' title='bbox 1630 1494 1992 1543; x_wconf 82' lang='lat' dir='ltr'>humanissimus.</span> <span class='ocrx_word' id='word_1_194' title='bbox 2079 1498 2200 1560; x_wconf 77' lang='lat' dir='ltr'><strong>EJUS</strong></span> <span class='ocrx_word' id='word_1_195' title='bbox 2224 1499 2384 1550; x_wconf 65' lang='lat' dir='ltr'>thefisg</span> 
     </span>
     <span class='ocr_line' id='line_1_20' title="bbox 319 1561 2147 1630; baseline -0.004 -17"><span class='ocrx_word' id='word_1_196' title='bbox 319 1568 488 1630; x_wconf 81' lang='lat' dir='ltr'>starene</span> <span class='ocrx_word' id='word_1_197' title='bbox 510 1568 646 1629; x_wconf 79' lang='lat' dir='ltr'>potest</span> <span class='ocrx_word' id='word_1_198' title='bbox 667 1566 771 1624; x_wconf 81' lang='lat' dir='ltr'>vifio</span> <span class='ocrx_word' id='word_1_199' title='bbox 797 1565 951 1625; x_wconf 74' lang='lat' dir='ltr'>absque</span> <span class='ocrx_word' id='word_1_200' title='bbox 974 1564 1209 1626; x_wconf 76' lang='lat' dir='ltr'>crystallino</span> <span class='ocrx_word' id='word_1_201' title='bbox 1241 1561 1374 1610; x_wconf 88' lang='lat' dir='ltr'>Paris.</span> <span class='ocrx_word' id='word_1_202' title='bbox 1402 1575 1536 1621; x_wconf 84' lang='lat'>1743.</span> <span class='ocrx_word' id='word_1_203' title='bbox 1559 1561 1636 1620; x_wconf 78' lang='lat'>4*</span> <span class='ocrx_word' id='word_1_204' title='bbox 1671 1564 1724 1607; x_wconf 88' lang='lat' dir='ltr'>R.</span> <span class='ocrx_word' id='word_1_205' title='bbox 1753 1565 1882 1608; x_wconf 83' lang='lat' dir='ltr'>Petro</span> <span class='ocrx_word' id='word_1_206' title='bbox 1906 1563 2147 1609; x_wconf 75' lang='lat' dir='ltr'>ARCELIN.</span> 
     </span>
    </p>
   </div>
   <div class='ocr_carea' id='block_1_8' title="bbox 326 1643 2385 1771">
    <p class='ocr_par' dir='ltr' id='par_1_8' title="bbox 326 1643 2385 1771">
     <span class='ocr_line' id='line_1_21' title="bbox 455 1643 2385 1706; baseline 0.001 -12"><span class='ocrx_word' id='word_1_207' title='bbox 455 1649 512 1694; x_wconf 91' lang='lat' dir='ltr'>In</span> <span class='ocrx_word' id='word_1_208' title='bbox 542 1652 675 1694; x_wconf 78' lang='lat' dir='ltr'>Me&#39;m.</span> <span class='ocrx_word' id='word_1_209' title='bbox 705 1647 756 1693; x_wconf 84' lang='lat' dir='ltr'>de</span> <span class='ocrx_word' id='word_1_210' title='bbox 785 1646 957 1693; x_wconf 80' lang='lat' dir='ltr'>l’Acad.</span> <span class='ocrx_word' id='word_1_211' title='bbox 994 1658 1129 1704; x_wconf 87' lang='lat'>1749.</span> <span class='ocrx_word' id='word_1_212' title='bbox 1167 1645 1221 1692; x_wconf 90' lang='lat' dir='ltr'>de</span> <span class='ocrx_word' id='word_1_213' title='bbox 1254 1643 1442 1706; x_wconf 82' lang='lat' dir='ltr'>capsulis</span> <span class='ocrx_word' id='word_1_214' title='bbox 1469 1643 1727 1697; x_wconf 89' lang='lat' dir='ltr'>renalibus,</span> <span class='ocrx_word' id='word_1_215' title='bbox 1766 1643 1819 1689; x_wconf 91' lang='lat' dir='ltr'>de</span> <span class='ocrx_word' id='word_1_216' title='bbox 1845 1643 2070 1704; x_wconf 78' lang='lat' dir='ltr'>glandulis</span> <span class='ocrx_word' id='word_1_217' title='bbox 2100 1644 2290 1698; x_wconf 17' lang='lat' dir='ltr'>insfacie</span> <span class='ocrx_word' id='word_1_218' title='bbox 2315 1649 2385 1697; x_wconf 88' lang='lat' dir='ltr'>in-</span> 
     </span>
     <span class='ocr_line' id='line_1_22' title="bbox 326 1708 1101 1771; baseline -0.006 -10"><span class='ocrx_word' id='word_1_219' title='bbox 326 1713 504 1762; x_wconf 84' lang='lat' dir='ltr'>volucri</span> <span class='ocrx_word' id='word_1_220' title='bbox 527 1728 680 1758; x_wconf 88' lang='lat' dir='ltr'>earum</span> <span class='ocrx_word' id='word_1_221' title='bbox 700 1711 910 1757; x_wconf 81' lang='lat' dir='ltr'>interiori</span> <span class='ocrx_word' id='word_1_222' title='bbox 932 1708 1101 1771; x_wconf 78' lang='lat' dir='ltr'>politis.</span> 
     </span>
    </p>
   </div>
   <div class='ocr_carea' id='block_1_9' title="bbox 327 1789 2388 2126">
    <p class='ocr_par' dir='ltr' id='par_1_9' title="bbox 327 1789 2388 2047">
     <span class='ocr_line' id='line_1_23' title="bbox 458 1789 2388 1851; baseline -0.003 -11"><span class='ocrx_word' id='word_1_223' title='bbox 458 1795 513 1840; x_wconf 93' lang='lat' dir='ltr'>In</span> <span class='ocrx_word' id='word_1_224' title='bbox 539 1798 672 1840; x_wconf 82' lang='lat' dir='ltr'>Me‘m.</span> <span class='ocrx_word' id='word_1_225' title='bbox 700 1792 752 1839; x_wconf 85' lang='lat' dir='ltr'>de</span> <span class='ocrx_word' id='word_1_226' title='bbox 785 1805 919 1851; x_wconf 83' lang='lat'>1750.</span> <span class='ocrx_word' id='word_1_227' title='bbox 948 1792 1002 1838; x_wconf 91' lang='lat' dir='ltr'>de</span> <span class='ocrx_word' id='word_1_228' title='bbox 1025 1790 1193 1838; x_wconf 83' lang='lat' dir='ltr'>fabrica</span> <span class='ocrx_word' id='word_1_229' title='bbox 1223 1789 1416 1843; x_wconf 81' lang='lat' dir='ltr'>offium,</span> <span class='ocrx_word' id='word_1_230' title='bbox 1455 1806 1537 1850; x_wconf 88' lang='lat' dir='ltr'>pro</span> <span class='ocrx_word' id='word_1_231' title='bbox 1567 1790 1646 1835; x_wconf 85' lang='lat' dir='ltr'>DU</span> <span class='ocrx_word' id='word_1_232' title='bbox 1669 1790 1938 1837; x_wconf 70' lang='grc' dir='ltr'><strong>ΗΑΜΕΜΟ.</strong></span> <span class='ocrx_word' id='word_1_233' title='bbox 2006 1790 2121 1837; x_wconf 89' lang='lat' dir='ltr'>Rete</span> <span class='ocrx_word' id='word_1_234' title='bbox 2147 1789 2227 1838; x_wconf 82' lang='lat' dir='ltr'>effe</span> <span class='ocrx_word' id='word_1_235' title='bbox 2251 1791 2388 1841; x_wconf 81' lang='lat' dir='ltr'>fibra-</span> 
     </span>
     <span class='ocr_line' id='line_1_24' title="bbox 329 1853 2385 1917; baseline -0 -12"><span class='ocrx_word' id='word_1_236' title='bbox 329 1875 432 1906; x_wconf 86' lang='lat' dir='ltr'>rum</span> <span class='ocrx_word' id='word_1_237' title='bbox 465 1858 679 1904; x_wconf 89' lang='lat' dir='ltr'>durarum</span> <span class='ocrx_word' id='word_1_238' title='bbox 703 1891 716 1911; x_wconf 94' lang='lat'>,</span> <span class='ocrx_word' id='word_1_239' title='bbox 766 1872 867 1917; x_wconf 85' lang='lat' dir='ltr'>quae</span> <span class='ocrx_word' id='word_1_240' title='bbox 905 1857 1091 1917; x_wconf 89' lang='lat' dir='ltr'>propius</span> <span class='ocrx_word' id='word_1_241' title='bbox 1126 1856 1351 1902; x_wconf 88' lang='lat' dir='ltr'>continuo</span> <span class='ocrx_word' id='word_1_242' title='bbox 1390 1853 1445 1900; x_wconf 88' lang='lat' dir='ltr'>ad</span> <span class='ocrx_word' id='word_1_243' title='bbox 1481 1855 1679 1900; x_wconf 88' lang='lat' dir='ltr'>invicem</span> <span class='ocrx_word' id='word_1_244' title='bbox 1707 1854 1951 1906; x_wconf 75' lang='lat' dir='ltr'>accedant,</span> <span class='ocrx_word' id='word_1_245' title='bbox 2000 1866 2053 1900; x_wconf 90' lang='lat' dir='ltr'>ut</span> <span class='ocrx_word' id='word_1_246' title='bbox 2082 1853 2198 1902; x_wconf 88' lang='lat' dir='ltr'>nihil</span> <span class='ocrx_word' id='word_1_247' title='bbox 2231 1873 2385 1904; x_wconf 86' lang='lat' dir='ltr'>earum</span> 
     </span>
     <span class='ocr_line' id='line_1_25' title="bbox 327 1915 2384 1983; baseline -0 -14"><span class='ocrx_word' id='word_1_248' title='bbox 327 1923 566 1969; x_wconf 80' lang='lat' dir='ltr'>intervalla</span> <span class='ocrx_word' id='word_1_249' title='bbox 610 1923 792 1983; x_wconf 87' lang='lat' dir='ltr'>repleat.</span> <span class='ocrx_word' id='word_1_250' title='bbox 901 1920 1155 1969; x_wconf 85' lang='lat' dir='ltr'>Medullam</span> <span class='ocrx_word' id='word_1_251' title='bbox 1201 1921 1323 1966; x_wconf 87' lang='lat' dir='ltr'>inter</span> <span class='ocrx_word' id='word_1_252' title='bbox 1370 1918 1559 1965; x_wconf 88' lang='lat' dir='ltr'>laminas</span> <span class='ocrx_word' id='word_1_253' title='bbox 1605 1915 1708 1964; x_wconf 83' lang='lat' dir='ltr'>offis</span> <span class='ocrx_word' id='word_1_254' title='bbox 1753 1934 1832 1978; x_wconf 89' lang='lat' dir='ltr'>per</span> <span class='ocrx_word' id='word_1_255' title='bbox 1884 1934 2020 1979; x_wconf 90' lang='lat' dir='ltr'>poros</span> <span class='ocrx_word' id='word_1_256' title='bbox 2068 1917 2296 1968; x_wconf 72' lang='lat' dir='ltr'>insensiles</span> <span class='ocrx_word' id='word_1_257' title='bbox 2339 1919 2384 1968; x_wconf 89' lang='lat' dir='ltr'>se</span> 
     </span>
     <span class='ocr_line' id='line_1_26' title="bbox 327 1984 545 2047; baseline 0 -15"><span class='ocrx_word' id='word_1_258' title='bbox 327 1984 545 2047; x_wconf 82' lang='lat' dir='ltr'>spargere.</span> 
     </span>
    </p>

    <p class='ocr_par' dir='ltr' id='par_1_10' title="bbox 458 2062 2382 2126">
     <span class='ocr_line' id='line_1_27' title="bbox 458 2062 2382 2126; baseline 0.001 -14"><span class='ocrx_word' id='word_1_259' title='bbox 458 2068 597 2113; x_wconf 84' lang='lat' dir='ltr'>Porro</span> <span class='ocrx_word' id='word_1_260' title='bbox 624 2085 660 2113; x_wconf 86' lang='lat' dir='ltr'>a.</span> <span class='ocrx_word' id='word_1_261' title='bbox 682 2080 816 2126; x_wconf 81' lang='lat'>1751.</span> <span class='ocrx_word' id='word_1_262' title='bbox 847 2067 900 2114; x_wconf 87' lang='lat' dir='ltr'>de</span> <span class='ocrx_word' id='word_1_263' title='bbox 933 2067 1141 2114; x_wconf 85' lang='lat' dir='ltr'>dentium</span> <span class='ocrx_word' id='word_1_264' title='bbox 1167 2078 1271 2113; x_wconf 86' lang='lat' dir='ltr'>ortu</span> <span class='ocrx_word' id='word_1_265' title='bbox 1293 2082 1347 2112; x_wconf 83' lang='lat' dir='ltr'>ex</span> <span class='ocrx_word' id='word_1_266' title='bbox 1373 2062 1548 2111; x_wconf 86' lang='lat' dir='ltr'>sacculo</span> <span class='ocrx_word' id='word_1_267' title='bbox 1576 2062 1760 2110; x_wconf 82' lang='lat' dir='ltr'>mucoso</span> <span class='ocrx_word' id='word_1_268' title='bbox 1778 2098 1790 2117; x_wconf 86' lang='lat'>,</span> <span class='ocrx_word' id='word_1_269' title='bbox 1821 2064 1875 2110; x_wconf 81' lang='lat' dir='ltr'>de</span> <span class='ocrx_word' id='word_1_270' title='bbox 1896 2065 2070 2125; x_wconf 76' lang='lat' dir='ltr'>origine</span> <span class='ocrx_word' id='word_1_271' title='bbox 2095 2082 2290 2119; x_wconf 77' lang='lat' dir='ltr'>coronae,</span> <span class='ocrx_word' id='word_1_272' title='bbox 2326 2066 2382 2113; x_wconf 84' lang='lat' dir='ltr'>de</span> 
     </span>
    </p>
   </div>
   <div class='ocr_carea' id='block_1_10' title="bbox 318 2128 2381 2257">
    <p class='ocr_par' dir='ltr' id='par_1_11' title="bbox 318 2128 2381 2257">
     <span class='ocr_line' id='line_1_28' title="bbox 331 2128 2381 2192; baseline 0 -15"><span class='ocrx_word' id='word_1_273' title='bbox 331 2132 516 2178; x_wconf 80' lang='lat' dir='ltr'>alveolis</span> <span class='ocrx_word' id='word_1_274' title='bbox 549 2133 589 2176; x_wconf 64' lang='grc' dir='ltr'>ἃ</span> <span class='ocrx_word' id='word_1_275' title='bbox 626 2133 883 2192; x_wconf 72' lang='lat' dir='ltr'>cartilagine</span> <span class='ocrx_word' id='word_1_276' title='bbox 921 2130 1084 2178; x_wconf 86' lang='lat' dir='ltr'>offium</span> <span class='ocrx_word' id='word_1_277' title='bbox 1121 2143 1403 2191; x_wconf 61' lang='lat' dir='ltr'>tegumento</span> <span class='ocrx_word' id='word_1_278' title='bbox 1471 2131 1540 2175; x_wconf 89' lang='lat' dir='ltr'>De</span> <span class='ocrx_word' id='word_1_279' title='bbox 1577 2128 1666 2175; x_wconf 84' lang='lat' dir='ltr'>filis</span> <span class='ocrx_word' id='word_1_280' title='bbox 1707 2129 2037 2188; x_wconf 75' lang='lat' dir='ltr'>cartilaginum.</span> <span class='ocrx_word' id='word_1_281' title='bbox 2121 2130 2381 2178; x_wconf 83' lang='lat' dir='ltr'>Tendineas</span> 
     </span>
     <span class='ocr_line' id='line_1_29' title="bbox 318 2191 2066 2257; baseline -0.003 -14"><span class='ocrx_word' id='word_1_282' title='bbox 318 2194 467 2243; x_wconf 47' lang='lat' dir='ltr'>*fibras</span> <span class='ocrx_word' id='word_1_283' title='bbox 496 2195 547 2240; x_wconf 85' lang='lat' dir='ltr'>in</span> <span class='ocrx_word' id='word_1_284' title='bbox 574 2211 623 2240; x_wconf 88' lang='lat' dir='ltr'>os</span> <span class='ocrx_word' id='word_1_285' title='bbox 654 2195 881 2256; x_wconf 79' lang='lat' dir='ltr'>demergi,</span> <span class='ocrx_word' id='word_1_286' title='bbox 913 2198 954 2242; x_wconf 66' lang='lat'>¹&amp;</span> <span class='ocrx_word' id='word_1_287' title='bbox 984 2198 1080 2257; x_wconf 86' lang='lat' dir='ltr'>ejus</span> <span class='ocrx_word' id='word_1_288' title='bbox 1114 2208 1324 2242; x_wconf 87' lang='lat' dir='ltr'>naturam</span> <span class='ocrx_word' id='word_1_289' title='bbox 1347 2193 1548 2239; x_wconf 87' lang='lat' dir='ltr'>induere.</span> <span class='ocrx_word' id='word_1_290' title='bbox 1620 2191 1765 2238; x_wconf 82' lang='lat' dir='ltr'>Causa</span> <span class='ocrx_word' id='word_1_291' title='bbox 1792 2191 2066 2239; x_wconf 83' lang='lat' dir='ltr'>suturarum.</span> 
     </span>
    </p>
   </div>
   <div class='ocr_carea' id='block_1_11' title="bbox 326 2272 2378 2402">
    <p class='ocr_par' dir='ltr' id='par_1_12' title="bbox 326 2272 2378 2402">
     <span class='ocr_line' id='line_1_30' title="bbox 456 2272 2378 2334; baseline 0.001 -12"><span class='ocrx_word' id='word_1_292' title='bbox 456 2279 509 2322; x_wconf 91' lang='lat' dir='ltr'>A.</span> <span class='ocrx_word' id='word_1_293' title='bbox 529 2289 547 2320; x_wconf 94' lang='lat'>1</span> <span class='ocrx_word' id='word_1_294' title='bbox 557 2288 663 2334; x_wconf 82' lang='lat'>754.</span> <span class='ocrx_word' id='word_1_295' title='bbox 684 2278 736 2322; x_wconf 86' lang='lat' dir='ltr'>de</span> <span class='ocrx_word' id='word_1_296' title='bbox 748 2275 915 2323; x_wconf 84' lang='lat' dir='ltr'>fabrica</span> <span class='ocrx_word' id='word_1_297' title='bbox 929 2279 1073 2324; x_wconf 80' lang='lat' dir='ltr'>lienis.</span> <span class='ocrx_word' id='word_1_298' title='bbox 1097 2275 1339 2324; x_wconf 83' lang='lat' dir='ltr'>Fibrosum</span> <span class='ocrx_word' id='word_1_299' title='bbox 1350 2272 1440 2322; x_wconf 86' lang='lat' dir='ltr'>rete</span> <span class='ocrx_word' id='word_1_300' title='bbox 1454 2274 1669 2328; x_wconf 82' lang='lat' dir='ltr'>admittit,</span> <span class='ocrx_word' id='word_1_301' title='bbox 1684 2275 1813 2334; x_wconf 87' lang='lat' dir='ltr'>cujus</span> <span class='ocrx_word' id='word_1_302' title='bbox 1833 2272 1968 2321; x_wconf 85' lang='lat' dir='ltr'>fibras</span> <span class='ocrx_word' id='word_1_303' title='bbox 1983 2287 2114 2321; x_wconf 86' lang='lat' dir='ltr'>vocat</span> <span class='ocrx_word' id='word_1_304' title='bbox 2128 2275 2378 2324; x_wconf 85' lang='lat' dir='ltr'>tendineas..</span> 
     </span>
     <span class='ocr_line' id='line_1_31' title="bbox 326 2337 2313 2402; baseline -0.001 -14"><span class='ocrx_word' id='word_1_305' title='bbox 326 2340 462 2388; x_wconf 82' lang='lat' dir='ltr'>Acini</span> <span class='ocrx_word' id='word_1_306' title='bbox 474 2341 594 2386; x_wconf 86' lang='lat' dir='ltr'>inter</span> <span class='ocrx_word' id='word_1_307' title='bbox 606 2341 790 2387; x_wconf 81' lang='lat' dir='ltr'>arterias</span> <span class='ocrx_word' id='word_1_308' title='bbox 804 2358 1030 2402; x_wconf 80' lang='lat' dir='ltr'>venasque</span> <span class='ocrx_word' id='word_1_309' title='bbox 1050 2342 1202 2395; x_wconf 87' lang='lat' dir='ltr'>medii,</span> <span class='ocrx_word' id='word_1_310' title='bbox 1240 2357 1355 2401; x_wconf 91' lang='lat' dir='ltr'>quos</span> <span class='ocrx_word' id='word_1_311' title='bbox 1369 2356 1464 2385; x_wconf 92' lang='lat' dir='ltr'>non</span> <span class='ocrx_word' id='word_1_312' title='bbox 1479 2338 1614 2385; x_wconf 89' lang='lat' dir='ltr'>habet</span> <span class='ocrx_word' id='word_1_313' title='bbox 1625 2356 1706 2399; x_wconf 88' lang='lat' dir='ltr'>pro</span> <span class='ocrx_word' id='word_1_314' title='bbox 1720 2337 2004 2384; x_wconf 84' lang='lat' dir='ltr'>vasculorum</span> <span class='ocrx_word' id='word_1_315' title='bbox 2021 2340 2313 2400; x_wconf 82' lang='lat' dir='ltr'>glomeribus.</span> 
     </span>
    </p>
   </div>
   <div class='ocr_carea' id='block_1_12' title="bbox 323 2419 2376 2736">
    <p class='ocr_par' dir='ltr' id='par_1_13' title="bbox 323 2419 2376 2736">
     <span class='ocr_line' id='line_1_32' title="bbox 457 2419 2374 2481; baseline 0.001 -14"><span class='ocrx_word' id='word_1_316' title='bbox 457 2423 514 2467; x_wconf 94' lang='lat' dir='ltr'>In</span> <span class='ocrx_word' id='word_1_317' title='bbox 544 2425 676 2467; x_wconf 63' lang='lat' dir='ltr'>AIe&#39;m.</span> <span class='ocrx_word' id='word_1_318' title='bbox 703 2421 755 2468; x_wconf 83' lang='lat' dir='ltr'>de</span> <span class='ocrx_word' id='word_1_319' title='bbox 785 2423 958 2468; x_wconf 78' lang='lat' dir='ltr'>l&#39;Acad.</span> <span class='ocrx_word' id='word_1_320' title='bbox 985 2423 1055 2469; x_wconf 86' lang='lat' dir='ltr'>des</span> <span class='ocrx_word' id='word_1_321' title='bbox 1078 2426 1147 2474; x_wconf 74' lang='lat' dir='ltr'>Sc.</span> <span class='ocrx_word' id='word_1_322' title='bbox 1183 2429 1316 2481; x_wconf 82' lang='lat'>1756.</span> <span class='ocrx_word' id='word_1_323' title='bbox 1355 2422 1408 2467; x_wconf 87' lang='lat' dir='ltr'>de</span> <span class='ocrx_word' id='word_1_324' title='bbox 1434 2420 1599 2468; x_wconf 83' lang='lat' dir='ltr'>fabrica</span> <span class='ocrx_word' id='word_1_325' title='bbox 1624 2421 1890 2467; x_wconf 83' lang='lat' dir='ltr'>arteriarum</span> <span class='ocrx_word' id='word_1_326' title='bbox 1907 2455 1919 2473; x_wconf 90' lang='lat'>,</span> <span class='ocrx_word' id='word_1_327' title='bbox 1954 2419 2008 2466; x_wconf 85' lang='lat' dir='ltr'>de</span> <span class='ocrx_word' id='word_1_328' title='bbox 2039 2420 2247 2467; x_wconf 85' lang='lat' dir='ltr'>cellulosa</span> <span class='ocrx_word' id='word_1_329' title='bbox 2273 2424 2374 2476; x_wconf 89' lang='lat' dir='ltr'>tela,</span> 
     </span>
     <span class='ocr_line' id='line_1_33' title="bbox 326 2483 2374 2546; baseline 0 -16"><span class='ocrx_word' id='word_1_330' title='bbox 326 2500 462 2543; x_wconf 86' lang='lat' dir='ltr'>quam</span> <span class='ocrx_word' id='word_1_331' title='bbox 485 2487 585 2531; x_wconf 87' lang='lat' dir='ltr'>vult</span> <span class='ocrx_word' id='word_1_332' title='bbox 612 2483 736 2531; x_wconf 83' lang='lat' dir='ltr'>fibris</span> <span class='ocrx_word' id='word_1_333' title='bbox 764 2484 862 2531; x_wconf 81' lang='lat' dir='ltr'>fieri</span> <span class='ocrx_word' id='word_1_334' title='bbox 891 2485 1223 2546; x_wconf 79' lang='lat' dir='ltr'>ligamentofis:</span> <span class='ocrx_word' id='word_1_335' title='bbox 1258 2487 1311 2532; x_wconf 85' lang='lat' dir='ltr'>de</span> <span class='ocrx_word' id='word_1_336' title='bbox 1335 2487 1548 2532; x_wconf 89' lang='lat' dir='ltr'>tendinea</span> <span class='ocrx_word' id='word_1_337' title='bbox 1575 2485 1833 2531; x_wconf 85' lang='lat' dir='ltr'>membrana</span> <span class='ocrx_word' id='word_1_338' title='bbox 1856 2519 1868 2537; x_wconf 93' lang='lat'>,</span> <span class='ocrx_word' id='word_1_339' title='bbox 1906 2501 2006 2544; x_wconf 77' lang='lat' dir='ltr'>quae</span> <span class='ocrx_word' id='word_1_340' title='bbox 2034 2486 2072 2530; x_wconf 87' lang='lat' dir='ltr'>ei</span> <span class='ocrx_word' id='word_1_341' title='bbox 2092 2487 2190 2531; x_wconf 77' lang='lat' dir='ltr'>telae</span> <span class='ocrx_word' id='word_1_342' title='bbox 2219 2484 2272 2531; x_wconf 83' lang='lat' dir='ltr'>sit</span> <span class='ocrx_word' id='word_1_343' title='bbox 2293 2502 2374 2543; x_wconf 83' lang='lat' dir='ltr'>pro</span> 
     </span>
     <span class='ocr_line' id='line_1_34' title="bbox 325 2547 2376 2609; baseline 0 -15"><span class='ocrx_word' id='word_1_344' title='bbox 325 2547 657 2600; x_wconf 79' lang='lat' dir='ltr'>fundament03</span> <span class='ocrx_word' id='word_1_345' title='bbox 717 2549 770 2594; x_wconf 91' lang='lat' dir='ltr'>de</span> <span class='ocrx_word' id='word_1_346' title='bbox 798 2547 1047 2595; x_wconf 85' lang='lat' dir='ltr'>musculosa</span> <span class='ocrx_word' id='word_1_347' title='bbox 1078 2553 1257 2604; x_wconf 84' lang='lat' dir='ltr'>tunica,</span> <span class='ocrx_word' id='word_1_348' title='bbox 1294 2551 1347 2595; x_wconf 87' lang='lat' dir='ltr'>de</span> <span class='ocrx_word' id='word_1_349' title='bbox 1384 2547 1595 2596; x_wconf 83' lang='lat' dir='ltr'>cellulosa</span> <span class='ocrx_word' id='word_1_350' title='bbox 1622 2550 1759 2594; x_wconf 82' lang='lat' dir='ltr'>altera</span> <span class='ocrx_word' id='word_1_351' title='bbox 1785 2564 1901 2608; x_wconf 76' lang='lat' dir='ltr'>aegre</span> <span class='ocrx_word' id='word_1_352' title='bbox 1933 2547 2171 2608; x_wconf 79' lang='lat' dir='ltr'>conspicua</span> <span class='ocrx_word' id='word_1_353' title='bbox 2186 2582 2214 2609; x_wconf 15' lang='grc' dir='ltr'>,χ</span> <span class='ocrx_word' id='word_1_354' title='bbox 2245 2550 2286 2594; x_wconf 82' lang='lat'>&amp;</span> <span class='ocrx_word' id='word_1_355' title='bbox 2322 2548 2376 2594; x_wconf 88' lang='lat' dir='ltr'>de</span> 
     </span>
     <span class='ocr_line' id='line_1_35' title="bbox 323 2611 2372 2665; baseline 0 -8"><span class='ocrx_word' id='word_1_356' title='bbox 323 2613 480 2657; x_wconf 83' lang='lat' dir='ltr'>tunica</span> <span class='ocrx_word' id='word_1_357' title='bbox 501 2612 677 2659; x_wconf 88' lang='lat' dir='ltr'>intima.</span> <span class='ocrx_word' id='word_1_358' title='bbox 747 2611 1019 2658; x_wconf 84' lang='lat' dir='ltr'>Cellulosam</span> <span class='ocrx_word' id='word_1_359' title='bbox 1047 2615 1261 2660; x_wconf 84' lang='lat' dir='ltr'>extimam</span> <span class='ocrx_word' id='word_1_360' title='bbox 1276 2613 1575 2660; x_wconf 86' lang='lat' dir='ltr'>robustiorem</span> <span class='ocrx_word' id='word_1_361' title='bbox 1602 2611 1715 2665; x_wconf 88' lang='lat' dir='ltr'>fieri,</span> <span class='ocrx_word' id='word_1_362' title='bbox 1747 2625 1798 2658; x_wconf 88' lang='lat' dir='ltr'>ut</span> <span class='ocrx_word' id='word_1_363' title='bbox 1811 2613 1866 2658; x_wconf 88' lang='lat' dir='ltr'>ad</span> <span class='ocrx_word' id='word_1_364' title='bbox 1886 2613 2150 2658; x_wconf 86' lang='lat' dir='ltr'>interiorem</span> <span class='ocrx_word' id='word_1_365' title='bbox 2169 2611 2372 2665; x_wconf 81' lang='lat' dir='ltr'>accedit3</span> 
     </span>
     <span class='ocr_line' id='line_1_36' title="bbox 325 2674 1772 2736; baseline 0 -14"><span class='ocrx_word' id='word_1_366' title='bbox 325 2674 591 2723; x_wconf 79' lang='lat' dir='ltr'>interiorem</span> <span class='ocrx_word' id='word_1_367' title='bbox 617 2676 821 2736; x_wconf 87' lang='lat' dir='ltr'>undique</span> <span class='ocrx_word' id='word_1_368' title='bbox 849 2678 994 2722; x_wconf 84' lang='lat' dir='ltr'>laxam</span> <span class='ocrx_word' id='word_1_369' title='bbox 1020 2676 1114 2723; x_wconf 78' lang='lat' dir='ltr'>effe.</span> <span class='ocrx_word' id='word_1_370' title='bbox 1184 2679 1323 2724; x_wconf 87' lang='lat' dir='ltr'>Canis</span> <span class='ocrx_word' id='word_1_371' title='bbox 1351 2678 1526 2723; x_wconf 75' lang='lat' dir='ltr'>arteriae</span> <span class='ocrx_word' id='word_1_372' title='bbox 1553 2676 1772 2723; x_wconf 89' lang='lat' dir='ltr'>duriores.</span> 
     </span>
    </p>
   </div>
   <div class='ocr_carea' id='block_1_13' title="bbox 893 2802 1771 2864">
    <p class='ocr_par' dir='ltr' id='par_1_14' title="bbox 893 2802 1771 2864">
     <span class='ocr_line' id='line_1_37' title="bbox 893 2802 1771 2864; baseline -0.002 -12"><span class='ocrx_word' id='word_1_373' title='bbox 893 2802 946 2860; x_wconf 60' lang='lat' dir='ltr'>S,</span> <span class='ocrx_word' id='word_1_374' title='bbox 978 2805 1031 2852; x_wconf 93' lang='lat' dir='ltr'>M</span> <span class='ocrx_word' id='word_1_375' title='bbox 1044 2805 1113 2852; x_wconf 94' lang='lat' dir='ltr'>LI</span> <span class='ocrx_word' id='word_1_376' title='bbox 1127 2806 1195 2852; x_wconf 86' lang='grc' dir='ltr'>ΙΙ.</span> <span class='ocrx_word' id='word_1_377' title='bbox 1300 2810 1461 2852; x_wconf 71' lang='grc' dir='ltr'><em>Βὶιινία</em></span> <span class='ocrx_word' id='word_1_378' title='bbox 1495 2810 1598 2852; x_wconf 80' lang='lat' dir='ltr'>anni</span> <span class='ocrx_word' id='word_1_379' title='bbox 1627 2818 1656 2861; x_wconf 64' lang='grc' dir='ltr'>,Ι</span> <span class='ocrx_word' id='word_1_380' title='bbox 1664 2817 1771 2864; x_wconf 83' lang='lat'><strong>744.</strong></span> 
     </span>
    </p>
   </div>
   <div class='ocr_carea' id='block_1_14' title="bbox 327 2898 2394 3091">
    <p class='ocr_par' dir='ltr' id='par_1_15' title="bbox 327 2898 2394 3091">
     <span class='ocr_line' id='line_1_38' title="bbox 453 2898 2394 2964; baseline 0.001 -15"><span class='ocrx_word' id='word_1_381' title='bbox 453 2904 508 2948; x_wconf 88' lang='lat' dir='ltr'>In</span> <span class='ocrx_word' id='word_1_382' title='bbox 534 2901 643 2950; x_wconf 79' lang='lat' dir='ltr'>Phil.</span> <span class='ocrx_word' id='word_1_383' title='bbox 680 2903 833 2963; x_wconf 60' lang='lat' dir='ltr'>Trans:</span> <span class='ocrx_word' id='word_1_384' title='bbox 860 2919 906 2952; x_wconf 92' lang='lat' dir='ltr'>n.</span> <span class='ocrx_word' id='word_1_385' title='bbox 924 2913 1035 2963; x_wconf 84' lang='lat'><strong>472.</strong></span> <span class='ocrx_word' id='word_1_386' title='bbox 1072 2905 1268 2964; x_wconf 73' lang='lat' dir='ltr'>Georgius</span> <span class='ocrx_word' id='word_1_387' title='bbox 1289 2903 1503 2950; x_wconf 77' lang='lat' dir='ltr'>AYLETT</span> <span class='ocrx_word' id='word_1_388' title='bbox 1530 2902 1583 2949; x_wconf 87' lang='lat' dir='ltr'>de</span> <span class='ocrx_word' id='word_1_389' title='bbox 1605 2900 1733 2963; x_wconf 81' lang='lat' dir='ltr'>spina</span> <span class='ocrx_word' id='word_1_390' title='bbox 1751 2899 1914 2960; x_wconf 74' lang='lat' dir='ltr'>bifida,</span> <span class='ocrx_word' id='word_1_391' title='bbox 1940 2898 2026 2949; x_wconf 85' lang='lat' dir='ltr'>offe</span> <span class='ocrx_word' id='word_1_392' title='bbox 2046 2917 2207 2964; x_wconf 84' lang='lat' dir='ltr'>nempe</span> <span class='ocrx_word' id='word_1_393' title='bbox 2232 2901 2394 2958; x_wconf 61' lang='lat' dir='ltr'>sacro,</span> 
     </span>
     <span class='ocr_line' id='line_1_39' title="bbox 327 2965 759 3028; baseline 0.012 -16"><span class='ocrx_word' id='word_1_394' title='bbox 327 2965 456 3027; x_wconf 77' lang='lat' dir='ltr'>cujus</span> <span class='ocrx_word' id='word_1_395' title='bbox 481 2965 616 3028; x_wconf 61' lang='lat' dir='ltr'>spinae</span> <span class='ocrx_word' id='word_1_396' title='bbox 640 2966 759 3017; x_wconf 79' lang='lat' dir='ltr'>fiffae.</span> 
     </span>
     <span class='ocr_line' id='line_1_40' title="bbox 2179 3031 2374 3091; baseline 0 -1"><span class='ocrx_word' id='word_1_397' title='bbox 2179 3031 2229 3079; x_wconf 83' lang='lat' dir='ltr'>N</span> <span class='ocrx_word' id='word_1_398' title='bbox 2233 3067 2243 3079; x_wconf 88' lang='lat'><strong>·</strong></span> <span class='ocrx_word' id='word_1_399' title='bbox 2263 3042 2374 3091; x_wconf 77' lang='lat'>474-</span> 
     </span>
    </p>
   </div>
  </div>
 </body>
</html>
