2531 3394
901 113 940 164 §-
981 120 1118 168 1041.
1185 97 1401 156 Β--ΟΝΝ
1413 104 1520 154 ΕΤ.
2134 116 2221 167 361

170 236 477 286 involutione.
548 237 749 286 Virtutis
775 255 959 301 germen
986 235 1067 284 effe
1080 237 1131 284 in
1144 233 1392 283 numerosis
1406 233 1534 282 fibris
1547 233 1602 282 ad
1622 251 1724 281 vera
1734 234 1854 282 bona
1866 238 2216 297 pertinentibus.

171 301 420 351 Brutorum
433 303 697 349 animalium
712 302 943 350 memoria.
972 303 1141 348 Eorum
1155 300 1326 346 animas
1338 297 1456 360 poffe
1466 297 1637 359 perfici.
1666 299 1865 346 Germcn
1879 301 2222 364 incorruptibile

167 365 368 413 hominis
392 366 452 412 in'
468 380 682 413 aeternam
708 369 847 414 vitam
871 363 1178 413 transiturum.
1247 365 1360 410 Tela
1382 360 1666 423 praeformata
1689 362 1966 423 embryonis.
2034 368 2119 413 Pro
2144 369 2215 415 in·
2288 428 2291 429 ⁷

165 430 407 477 volutione
432 432 473 477 ὃς
498 432 774 477 evolutione.
836 430 1054 487 Germina
1076 426 1194 488 poffe
1223 428 1264 474 &
1289 440 1446 474 tenera
1462 425 1559 480 effe,
1583 426 1624 474 δὲ
1645 427 1821 481 durare,
1850 443 2117 488 argumento
2137 449 2216 491 po-

166 495 425 554 lyporum,¹
442 496 820 541 animalculorum
843 491 1077 539 frumenti.
1147 492 1377 538 Voluntas
1400 491 1728 538 determinatur
1752 507 1777 537 a
1808 490 2057 538 numerolis
2086 493 2211 557 fibris

163 558 304 604 unius
331 560 521 618 generis.
567 559 791 605 Memoria
813 569 1054 603 revocatur
1069 553 1127 602 ab
1143 555 1321 602 afflone
1347 553 1565 602 fibrarum
1592 554 1803 602 similium
1845 574 1849 576 ’
1875 555 2076 602 Germen
2089 558 2216 603 inde-

165 621 412 668 structibile
449 620 597 668 futuri
637 622 838 667 hominis
862 654 875 673 ,
921 621 1043 666 intra
1073 620 1307 666 cerebrum
1339 618 1497 666 latens.
1584 620 1730 666 Aliter
1767 617 1893 665 fibrae
1922 619 2122 680 virgines
2156 621 2212 667 ab

167 686 344 745 objecto
373 684 674 737 adficiuntur,
722 686 850 730 aliter
884 684 1055 744 pridem
1091 681 1288 730 adfedkae.
1393 683 1574 743 Cuique
1606 681 1874 730 sensationis
1910 684 2066 743 generi
2114 700 2212 744 pro-

161 751 268 809 priae
306 747 430 795 fibrae
456 748 684 794 destinatae
719 745 824 794 sunt
849 781 862 800 ‚
915 760 1066 794 tamen
1093 748 1228 793 etiam
1266 763 1369 794 cum
1404 747 1589 794 alterius
1631 744 1785 793 sensus
1819 745 1947 794 fibris
1980 763 2211 794 connexae.

157 813 214 859 In
239 815 436 871 germine
459 828 628 872 organa
649 813 785 857 latere
814 809 1020 870 poliunt,
1057 812 1143 858 alia
1175 811 1226 858 in
1260 813 1352 858 vita
1377 809 1420 857 se
1441 810 1722 870 expeditum.
1791 810 1992 871 Vestigia
2026 813 2204 858 noviter

159 873 466 923 subnascentis
493 876 629 934 partis
656 874 942 922 cochlearum
968 878 1009 922 §k
1036 877 1300 921 lacertarum
1322 874 1412 935 jam
1438 875 1562 935 prius
1581 887 1733 934 parata
1747 873 1930 921 latuisse.
1999 876 2066 923 Ut
2096 891 2220 937 rege-

160 953 346 986 neretur
366 937 664 998 compositum
685 940 851 985 animal
887 941 929 985 &
956 951 1093 998 caput
1118 937 1325 984 cochleae.
1396 938 1607 986 Animam
1627 955 1789 998 corpus
1806 936 1937 985 suum
1959 954 2056 984 non
2075 939 2214 986 strue-

159 1020 235 1056 re,
268 1019 416 1062 neque
442 1015 649 1049 naturam
683 1003 925 1062 plasticam.
993 1003 1191 1062 Polypus
1215 1001 1270 1048 ab
1297 1002 1603 1049 irritabilitate
1623 1003 1810 1062 regitur.
1877 1002 2060 1048 Animal
2079 1004 2215 1049 tubu-

159 1064 331 1119 losum,
369 1067 500 1126 cujus
527 1067 718 1116 tubulus
743 1065 935 1112 finditur
953 1100 965 1118 ‚
1006 1068 1047 1112 &
1071 1083 1262 1126 quaeque
1287 1066 1502 1112 medietas
1528 1068 1781 1126 completur
1798 1100 1810 1119 ‚
1846 1067 1981 1112 etiam
2006 1069 2215 1127 repetito.

157 1130 261 1177 Alia
294 1131 563 1177 animalcula
581 1165 593 1183 ,
631 1147 731 1190 quae
756 1146 832 1190 per
861 1128 1128 1176 divilionem
1148 1130 1524 1190 multiplicantur.
1593 1127 1921 1190 Microscopica
1945 1130 2218 1177 animalcula

157 1210 263 1240 vera
298 1193 378 1239 effe
406 1194 628 1240 animalia.
697 1195 896 1240 Germen
924 1193 1070 1240 futuri
1106 1192 1308 1240 hominis
1340 1194 1390 1240 in
1425 1193 1609 1240 cerebro
1646 1196 1767 1240 latet.
1835 1194 2112 1240 fecundatio
2150 1194 2214 1242 est

159 1257 308 1304 cordis
337 1257 600 1316 embryonis
629 1256 873 1304 stimulatio
909 1275 933 1303 a
962 1256 1129 1304 semine
1151 1256 1279 1304 faeta.
1349 1259 1388 1304 A
1410 1256 1578 1304 semine
1604 1256 1802 1304 masculo
1830 1270 1971 1305 certas
2008 1260 2212 1318 corporis

154 1321 362 1368 animalis
377 1333 523 1380 partes
541 1322 735 1368 validius
755 1323 934 1368 nutriri.
1003 1322 1215 1377 Omnino
1233 1321 1418 1381 embryo
1434 1338 1458 1367 a
1480 1334 1621 1368 matre
1635 1321 1832 1369 advenit.
1901 1322 2073 1369 Contra
2084 1338 2215 1369 mon-

155 1383 241 1431 stra
269 1385 548 1446 primigenia.
619 1386 922 1446 Regeneratio
942 1386 1100 1446 capitis
1130 1387 1171 1432 &
1199 1385 1368 1432 cerebri
1397 1384 1608 1433 cochleae.

283 1467 340 1513 In
365 1464 607 1514 recherches
633 1464 967 1529 philosophiques
983 1467 1064 1526 sur
1091 1467 1130 1513 le
1162 1465 1466 1528 Chrzstianifine
1502 1469 1677 1514 Genev.
1702 1480 1835 1526 1770.
1863 1465 1944 1522 8*
1977 1469 2127 1529 aliqua
2155 1469 2215 1516 de

134 1530 331 1584 ,cerebro
359 1530 710 1577 indestrufflbssi
731 1531 850 1577 intra
865 1533 1048 1592 vulgare
1067 1532 1301 1578 cerebrum
1320 1532 1518 1578 latente:
1556 1531 1610 1578 de
1637 1530 1964 1580 resurreetione
1990 1535 2208 1594 corporis.

284 1613 340 1659 In
366 1610 477 1659 Phil.
508 1614 660 1672 Trans
687 1630 730 1659 n.
751 1619 859 1671 487.
897 1613 952 1658 de
975 1614 1120 1659 erucis
1145 1632 1155 1658 :
1193 1620 1340 1659 aerem
1363 1629 1441 1673 per
1464 1613 1669 1675 stigmata
1698 1617 1738 1661 &
1757 1614 1990 1662 adtrahere
2018 1617 2059 1662 ἃ
2080 1616 2212 1662 emit-

154 1689 274 1729 tere,
310 1693 408 1728 non
433 1677 544 1723 adeo
573 1693 652 1737 per
679 1694 815 1738 poros
848 1679 965 1723 cutis
994 1675 1331 1738 inconspicuos.
1399 1679 1508 1724 Duo
1531 1678 1734 1740 stigmata
1761 1680 1816 1726 ad
1842 1682 1979 1727 vitam
2004 1681 2211 1726 alendam

150 1739 370 1788 sufficere.

231 1818 233 1821 ¹
284 1822 340 1868 In
369 1825 504 1869 Me'm.
534 1821 750 1885 presentes
776 1826 802 1869 ά
827 1823 996 1870 l'Acad.
1034 1823 1105 1869 des
1128 1827 1315 1871 Sciences
1348 1825 1450 1871 T.I.
1485 1822 1579 1870 fuse
1609 1824 1664 1871 de
1689 1825 1839 1871 taenia.
1909 1825 2060 1885 Caput
2088 1825 2209 1872 vidit

152 1897 350 1945 quatuor
372 1886 493 1947 quali
523 1889 643 1934 cavis
671 1889 897 1947 calycibus
929 1886 1251 1948 conspicuum,
1299 1887 1462 1935 rosulis
1494 1890 1543 1933 in
1571 1887 1748 1950 singulo
1779 1889 1972 1935 articulo
2002 1890 2209 1949 quinque

151 1952 194 1996 ἃ
213 1947 288 1995 sex
310 1948 439 2004 fidis,
473 1952 595 1997 inter
633 1968 749 2011 quos
779 1953 907 1998 lobos
932 1951 1136 1998 foramen
1162 1952 1237 1999 est.
1306 1953 1362 1998 In
1391 1953 1477 1998 alia
1500 1954 1634 1998 taenia
1672 1952 1763 1999 fere
1787 1953 1879 1999 duo
1910 1969 2072 2013 magna
2105 1952 2207 2000 vasa

148 2014 312 2074 longa,
362 2017 404 2061 &
434 2016 626 2060 mediam
665 2014 827 2062 fibram
861 2017 1015 2062 albam
1051 2016 1191 2069 vidit,
1244 2029 1344 2063 tum
1379 2014 1550 2063 rosulas
1595 2019 1636 2063 &
1667 2017 1934 2063 innumeros
1975 2017 2204 2077 globulos.

144 2076 325 2124 Taenias
340 2078 449 2125 duas
463 2077 568 2125 facit
583 2113 595 2132 ,
631 2080 781 2139 longis
798 2080 1000 2126 articulis
1021 2082 1061 2126 ἃ
1077 2080 1308 2127 brevibus.
1378 2081 1538 2127 Taenia
1561 2081 1747 2127 unicum
1765 2081 1827 2126 est
1849 2082 2030 2133 animal,
2061 2083 2206 2142 capite

146 2140 414 2189 instructum
428 2145 470 2189 &
485 2143 625 2189 ductu
636 2144 903 2190 alimentari.
927 2145 1079 2190 Plures
1093 2161 1183 2190 una
1196 2145 1343 2191 taeniae
1358 2143 1600 2205 poffuntin
1620 2146 1778 2191 eodem
1791 2144 1977 2191 homine
1991 2145 2208 2192 nidulari.

278 2224 335 2269 In
361 2228 496 2270 Me'm.
517 2224 729 2286 presentes
754 2226 810 2272 T.
831 2226 889 2272 ΙΙ.
913 2225 967 2272 de
989 2227 1122 2272 novis
1143 2226 1346 2286 partibus
1370 2225 1644 2273 insectorum
1664 2261 1680 2281 ‚
1717 2229 1758 2274 ἃ
1786 2226 1845 2273 de·
1866 2243 2056 2274 verruca
2086 2228 2207 2273 inter

145 2285 314 2333 labium
338 2286 529 2335 inferius
562 2291 601 2334 ἃ
628 2290 827 2348 primum
853 2306 933 2350 par
958 2291 1138 2350 pedum.

272 2369 329 2415 In
356 2370 412 2416 T.
435 2369 496 2416 V.
533 2370 587 2416 de
609 2370 904 2431 respiratione
932 2388 1183 2418 erucarum.
1251 2374 1334 2419 Per
1362 2372 1568 2433 stigmata
1591 2372 1710 2419 vidit
1735 2380 1881 2420 aerem
1921 2374 1963 2419 ἃ
1997 2370 2208 2418 subivisse

146 2433 189 2480 δε
221 2431 398 2478 exivisse
421 2452 434 2485 3
482 2447 678 2494 quatuor
699 2447 850 2480 tamen
879 2448 1078 2482 extrema
1099 2436 1304 2498 stigmata
1332 2438 1580 2497 plurimum
1603 2440 1658 2482 ad
1685 2436 1994 2498 respirandum
2014 2435 2200 2482 faciunt,

147 2499 236 2545 Sua
264 2498 399 2543 etiarn
433 2504 505 2551 18.
536 2497 740 2558 stigmata
769 2500 988 2559 papilioni
1014 2498 1133 2546 sunt.

269 2579 326 2624 In
346 2576 513 2638 histoire
537 2580 743 2625 naturelle
761 2579 813 2625 de
843 2582 885 2627 la
912 2586 1029 2626 reine
1054 2582 1123 2627 des
1143 2581 1306 2628 abeilles
1342 2583 1484 2643 Haag.
1505 2594 1641 2642 1772.
1666 2579 1740 2635 8.*
1769 2594 1857 2628 tres
1886 2581 1988 2628 sunt
2012 2581 2080 2626 Cl.
2111 2580 2203 2626 viri

145 2639 235 2688 diff.
265 2642 315 2688 in
346 2643 512 2702 quibus
536 2641 753 2689 hactenus
781 2646 1129 2692 SCfflRACHUM
1154 2644 1383 2706 sequitur,
1420 2661 1474 2694 ut
1499 2660 1662 2709 putet,
1702 2648 1908 2693 ovarium
1932 2660 2064 2705 apum
2092 2660 2195 2703 ope-

142 2708 360 2751 rariarum
389 2705 735 2766 inconspicuum
760 2709 811 2752 in-
842 2709 1008 2769 reginis
1036 2711 1189 2756 evolvi
1215 2710 1345 2771 poffe.

112 2830 132 2835 e
270 2786 373 2832 Post
406 2788 452 2833 id
475 2787 744 2847 opusculum
770 2803 861 2836 tres
888 2789 1035 2836 adhuc
1061 2791 1258 2851 epistolae
1287 2794 1340 2839 de
1363 2793 1516 2839 eadem
1538 2793 1702 2852 vagina
1723 2807 1855 2850 apum
1879 2789 1937 2835 ad
1953 2789 2198 2835 RIEMmM·

147 2862 248 2892 cum
274 2851 381 2896 actis
405 2853 690 2899 eruditorum
716 2855 904 2914 Belgicae
928 2855 1143 2902 editionis
1183 2857 1451 2916 prodierunt
1468 2891 1479 2910 ‚
1526 2857 1687 2914 aegrius
1715 2871 1821 2899 vero
1859 2852 2006 2898 noster
2033 2857 2193 2899 KEAU-

146 2923 353 2958 MURIUM
382 2911 514 2961 suum
541 2916 715 2964 deserit.
785 2919 850 2965 lb.
876 2930 1008 2978 1774.
1024 2923 1142 2981 Aug.
1166 2920 1219 2968 de
1245 2922 1509 2968 evolutione
1528 2923 1568 2965 &-
1593 2918 1872 2978 germinibus
1895 2917 2192 2977 primigeniis,

210 3008 354 3068 (Bihl.
377 3015 512 3063 Anat.
549 3019 599 3063 T.
615 3014 699 3076 11.)
1289 3020 1332 3068 Z
1350 3035 1374 3065 z
1870 3014 1915 3073 §.
1947 3017 1999 3063 M
2013 3015 2060 3063 X
2075 3016 2110 3061 L
2124 3016 2144 3061 Ι.
2158 3015 2191 3060 Υ.
