2531 3394
915 103 964 162 ς.
1005 110 1142 165 1236.
1211 104 1257 153 D
1291 104 1314 154 1
1346 104 1384 153 A
1417 105 1460 155 R
1492 98 1607 154 1'A:
2191 122 2281 176 645

357 237 494 285 IDEM
523 235 573 283 in
600 236 876 298 Epistolarum
910 236 971 284 acl
999 254 1063 283 me
1090 236 1296 283 datarum
1326 237 1381 283 T.
1402 233 1487 283 Vl.
1521 233 1786 283 incisionem
1813 242 1976 290 vetulae
2009 247 2278 293 centenari-<e

229 300 377 355 dedit,
414 303 464 347 in
491 318 579 360 qua
608 304 761 348 onmia
785 302 937 347 mollia
961 302 1128 361 reperit
1160 303 1201 347 &
1224 300 1417 355 ,arterias
1447 302 1708 360 perampla‘s.

358 399 606 458 Berlimfihe
629 402 925 463 Sammlungen
950 417 1041 451 »zur
1066 398 1360 461 Bqfh'rderung
1381 397 1459 445 der
1483 398 1962 464 Arzneywiffi‘nschafi‘,
1999 406 2074 453 der
2103 413 2277 457 Natur.

220 461 453 526 geschichte
479 464 574 520 &a

358 547 430 592 Dc
457 547 670 607 vampiris
695 543 1093 606 vespertilionibus
1119 544 1402 592 Surinamiae.

354 628 425 674 De
450 626 739 674 suscitatione
768 625 1100 673 submersorum
1129 643 1208 687 per
1232 625 1497 688 pressionem
1525 626 1795 676 abdominis.

353 709 619 769 Instcundo
657 713 784 755 Tomo
816 708 894 754 der
927 707 1041 756 Char
1080 712 1153 756 Br.
1185 710 1346 754 Liineb.
1382 709 1822 771 Landwir-thschqfts-
1845 711 2110 774 Geseffschast
2153 717 2275 767 Celle

231 780 367 831 1768.
391 774 465 825 8.*
537 777 580 819 C.
607 776 816 826 ,Ieremias
842 774 1070 826 ROLLlN,
1095 773 1244 818 noster
1265 774 1376 818 olim
1399 772 1580 827 incisor,
1601 785 1690 820 tres
1714 791 1854 834 equos
1877 776 2092 826 dissecuit.
2151 783 2278 829 Mor-

225 837 333 883 bum
352 836 456 898 Jspnt
482 834 561 881 effe
583 837 773 895 liquoris
802 836 1052 882 articularis
1079 837 1335 897 coagulum.

355 919 401 964 F.
426 919 471 963 Β.
494 918 701 963 PAHLEN
736 917 789 962 de
820 934 954 977 apum
977 919 1282 977 generatione.
1353 918 1471 963 Cum
1494 919 1695 979 reginam
1717 920 1885 967 carceri
1912 922 2175 979 inclufiffet,
2213 938 2278 974 ta-

224 999 332 1029 men
356 983 588 1043 generavit
611 997 728 1041 apes.
798 981 1020 1042 Reginam
1045 979 1160 1027 solas
1182 981 1360 1042 reginas
1386 998 1552 1041 parere.
1619 986 1624 987 ⁷

350 1061 641 1121 Schwedisches
671 1066 880 1123 Alagazin
919 1073 1122 1108 vertente
1146 1066 1193 1116 J.
1229 1062 1378 1109 Cczrolo
1402 1064 1604 1111 WEBER
1639 1064 1696 1110 T.
1718 1064 1758 1111 Ι.
1805 1047 2157 1129 Hafniae1768.
2197 1071 2279 1126 8.*

225 1127 568 1174 Differtationes
600 1128 640 1171 &
671 1127 897 1171 orationes
920 1123 1056 1171 versae
1084 1127 1126 1171 &
1155 1124 1333 1172 recusae.

354 1210 409 1255 In
429 1211 604 1256 Gazette
618 1207 832 1253 littei-aire
848 1204 906 1261 ἓξ
918 1207 1158 1265 uni-veifi’lle
1171 1206 1221 1254 de
1233 1207 1431 1268 l‘Europe
1460 1205 1696 1254 Lausanne
1717 1215 1852 1268 1768.
1879 1219 2012 1269 1769,
2030 1213 2105 1267 8.*
2125 1216 2275 1276 aliqua

222 1271 315 1320 huc
349 1271 536 1317 faciunt.
605 1274 726 1316 Anas
760 1271 978 1329 inplumis
1014 1283 1168 1317 natus.
1254 1270 1397 1317 Pisces
1439 1282 1560 1317 certo
1589 1270 1742 1319 semen
1777 1275 2008 1329 emittere,
2044 1279 2182 1340 idque
2222 1299 2277 1328 ex

153 1359 155 1362 ⁴
223 1349 418 1394 utroque
441 1332 550 1380 sexu
574 1333 754 1380 mistum
787 1332 1035 1380 fecundum
1064 1332 1159 1380 effe.
1219 1386 1222 1387 ⁷

348 1420 395 1469 J.
415 1415 612 1461 Andreas
633 1416 884 1467 leURRA‘l,
933 1413 1151 1462 Professor
1186 1415 1420 1463 botanices
1453 1417 1768 1479 Gottingenfis
1790 1454 1804 1473 ‚
1850 1418 2187 1473 observationes
2223 1426 2279 1475 de

221 1479 548 1526 {umbricorum
588 1476 691 1525 setis
737 1479 942 1539 praelegit
971 1481 1020 1525 in
1056 1491 1266 1526 conventu
1297 1482 1514 1526 Societatzk
1539 1485 1642 1544 Reg.
1684 1487 1836 1529 Scient.
1873 1500 1912 1530 a.
1938 1493 2057 1543 1768
2080 1522 2091 1539 ,
2141 1491 2182 1535 ὃς
2210 1507 2279 1537 re..

222 1544 328 1589 cudi
360 1542 463 1589 fecit
504 1543 713 1601 Gotting.
741 1548 875 1600 1769,
901 1545 974 1596 8.*
1012 1559 1116 1589 cum
1145 1541 1353 1604 sequenti
1390 1544 1559 1592 libello.
1651 1547 1736 1594 Eas
1772 1545 1885 1594 setas
1913 1552 2166 1600 accuratius
2203 1554 2278 1600 de-

219 1605 389 1668 scripsit
417 1606 470 1652 ad
501 1604 765 1666 greffionem
786 1607 936 1653 utiles.

349 1689 484 1735 IDEM
516 1687 566 1732 de
593 1686 808 1733 vermibus
835 1691 878 1733 in
907 1689 1028 1750 lepra
1057 1687 1206 1743 obviis,
1248 1690 1460 1752 Gotting.
1489 1697 1623 1749 1769.
1666 1690 1746 1746 8.*

346 1770 521 1830 EJUSD.
563 1769 636 1816 Til
658 1785 724 1814 cm
746 1768 798 1814 de
819 1774 877 1830 pc}
902 1769 1051 1816 diurer
1073 1771 1259 1831 cmstiilde
1283 1781 1360 1818 run
1395 1770 1467 1820 och
1485 1771 1676 1833 fo'rso'lces
1697 1773 1962 1837 politeligbet
1988 1774 2061 1824 och
2086 1779 2278 1844 tilliimp.

219 1837 372 1894 ningen
398 1838 458 1895 pai
485 1831 754 1893 miiz·znzskans
779 1831 914 1894 kropp
965 1833 1207 1881 Stokholm
1240 1847 1374 1893 1772.
1402 1835 1484 1889 8.*
1549 1837 1696 1883 Fateri
1726 1840 1892 1885 necesse
1931 1840 2015 1894 est,
2064 1846 2275 1905 pleraque

220 1898 528 1957 experimenta
559 1895 862 1956 physiologica
890 1897 1090 1957 primum
1116 1898 1166 1943 in
1194 1898 1344 1957 bestiis
1375 1897 1490 1946 facta
1514 1897 1611 1946 effe.
1683 1903 1767 1949 Sed
1795 1915 1954 1949 monet
1986 1906 2151 1960 noster,
2179 1910 2277 1955 ani-

219 1963 310 2006 mal
335 1958 510 2007 sensum
539 1960 673 2006 suum
696 1976 794 2006 non
817 1959 933 2018 poffe
956 1962 1206 2021 exprimere
1223 1997 1236 2015 ‚
1273 1979 1389 2023 equo
1418 1980 1474 2008 ne
1497 1964 1723 2022 querelam
1748 1967 1932 2025 quidem
1951 1972 2142 2028 exprimi
2159 1971 2278 2032 poffe

220 2024 411 2081 (audivi
440 2023 621 2083 questus
647 2022 899 2084 percusfi).
966 2025 1304 2072 Medicamenta
1327 2029 1455 2073 aliter
1481 2028 1531 2072 in
1557 2026 1706 2074 bestiis
1736 2031 1924 2089 operari.
1994 2034 2144 2080 Multa
2179 2037 2278 2082 ani-

219 2090 352 2134 malia
387 2088 552 2148 absque
586 2104 705 2133 noxa
746 2086 1022 2146 hyoscyamo
1057 2090 1151 2141 uti,
1187 2088 1355 2136 insecta
1388 2091 1623 2137 acerrimas
1656 2093 1835 2153 plantas
1859 2094 2089 2144 devorare.
2173 2097 2278 2148 Me-

219 2152 307 2198 lius
334 2153 443 2199 adeo
472 2153 784 2212 experimenta
810 2152 860 2197 in
882 2151 1068 2197 homine
1098 2151 1212 2199 fieri.

349 2234 475 2280 Aries
497 2232 683 2280 habitus
710 2250 791 2294 pro
820 2233 1115 2295 androgyno,
1152 2236 1226 2282 cui
1247 2233 1338 2282 fissa
1367 2234 1565 2284 urethra.

348 2315 492 2368 Julius
517 2319 712 2361 Herman
733 2317 967 2363 SEEDORE
994 2315 1222 2377 descripsit
1247 2334 1397 2365 coram
1428 2320 1581 2366 eadem
1605 2316 1818 2368 societate
1837 2321 1952 2369 duos
1976 2321 2093 2371 fetus
2126 2327 2276 2384 pecto-

219 2378 345 2425 ribus
373 2390 622 2431 connatos,
660 2379 752 2425 duo
785 2380 919 2425 corda
948 2394 1165 2433 connata,
1202 2394 1398 2441 quatuor
1430 2385 1698 2431 ventriculis
1733 2388 1774 2431 ἃ
1800 2387 2048 2440 auriculi83
2108 2390 2278 2436 ventri-

220 2444 374 2489 culum
403 2445 606 2496 unicum,
641 2445 825 2502 pyloros
851 2443 996 2495 duos;
1033 2446 1217 2490 arterias
1245 2447 1480 2501 umbilici,
1517 2464 1745 2508 venasque
1763 2448 1938 2496 bifidas.

351 2542 408 2589 In
418 2545 578 2596 Journ.
596 2540 648 2587 de
662 2541 827 2588 Medec.
845 2541 902 2588 T.
917 2543 1142 2590 XXVIII.
1159 2545 1419 2592 MARTEAU
1435 2544 1636 2594 defendit
1649 2560 1828 2609 partum
1849 2547 2274 2599 octodecimestrem.

349 2643 426 2688 Du
455 2642 716 2687 MONCEAU
739 2639 791 2685 de
818 2638 1000 2687 fetubus
1028 2659 1104 2702 per
1133 2643 1365 2703 epigastria
1389 2647 1610 2697 connatis.
1680 2649 1948 2699 Pulmones‚
1987 2648 2121 2693 corda
2139 2682 2151 2701 ‚
2188 2649 2277 2695 vifi-

221 2722 320 2753 cera
340 2705 595 2814 abdpminis
618 2705 859 2764 duplicata,
892 2707 1191 2765 pericardium
1214 2708 1421 2764 unicum,
1451 2708 1526 2756 sed
1547 2711 1758 2758 auriculae
1781 2722 1991 2771 quatuor,
2016 2713 2057 2757 &
2079 2725 2277 2772 quatuor

219 2782 429 2816 ventricu
451 2784 483 2819 1.

348 2851 426 2897 DU
453 2851 594 2897 PONT
613 2849 673 2896 du
691 2852 886 2898 MEsNIL
916 2851 970 2897 de
998 2851 1269 2901 dentitione.
1337 2855 1404 2901 Ut
1435 2855 1656 2915 prodeant
1681 2857 1793 2903 novi
1824 2855 1997 2910 dentes,
2031 2856 2190 2905 debere
2216 2859 2277 2904 al-

222 2913 379 2961 veolos
407 2926 545 2976 rupto
571 2915 739 2977 pariete
771 2915 887 2963 olleo
921 2917 1097 2977 aperiri.

1195 3012 1253 3064 M
1279 3031 1325 3062 m
1358 3032 1402 3063 m
1427 3031 1473 3061 m
1503 3027 1526 3072 3
2016 3019 2072 3065 T.
2089 3017 2273 3067 XXIX.
