2531 3394
762 110 842 174 ‘§.
876 125 984 174 999.
1031 113 1098 170 4F.
1135 124 1203 163 m:
1237 107 1653 164 s‘AUVAGEs
2071 116 2074 118 ’
2128 119 2251 190 2303

194 250 278 304 fici
294 287 319 308 „
342 259 484 313 quant
508 245 874 311 exspirationem.
943 247 1030 296 Pro
1063 242 1196 298 causa,
1225 239 1575 291 detumescentis
1598 242 1717 314 inter
1740 240 2258 314 ,inspirandumcerebri

197 317 465 379 sanguinem
489 315 539 361 in
563 317 825 376 pulmonem
850 323 1081 373 receptum
1106 307 1257 356 habet.
1304 308 1396 355 -De
1423 306 1674 354 neceffariis
1706 307 1880 355 viribus
1904 312 1958 356 ad
1991 311 2252 370 efflandum‚

199 382 381 444 quando
405 381 562 442 glottis
589 377 821 447 angustior
843 375 918 424 est.

272 494 276 498 -
326 463 402 523 EJ.
446 460 628 510 Theoria
653 459 808 507 doloris
836 453 1060 516 Monspel.
1087 464 1222 514 1757.
1259 452 1342 514 4.*

271 537 279 540 ⁸
327 545 402 605 EJ.
439 548 507 590 De
531 545 741 604 astrorum
762 539 929 602 influxu
954 535 1225 587 inhominem
1256 536 1319 583 ib.
1347 547 1484 596 1757.
1520 548 1569 598 4.

325 627 401 687 EJ.
440 630 510 672 De
534 618 687 684 vifioize
716 621 778 668 ib.
812 625 947 679 1758.
984 625 1027 674 8.

321 708 398 769 EJ.
443 705 624 754 Theoricc
650 700 922 760 convulsionis
961 714 1095 761 1759.
1126 701 1204 761 4.ss
1261 692 1604 748 'Convulfiones
1639 703 1679 750 &
1712 701 1768 750 ab
1798 701 1949 753 anima
1984 703 2096 762 effe,
2134 709 2176 755 &
2203 708 2259 756 ad

198 774 405 834 proprios
435 769 549 818 fines
581 767 714 820 cieri,
751 764 829 812 etli
861 765 1079 812 obscurus
1102 764 1256 813 sensus
1281 766 1378 827 ejus
1407 765 1467 812 cst
1489 767 1622 820 mali,
1659 769 1734 814 cui
1761 767 2015 831 superando
2038 772 2260 821 destinen-

198 848 290 885 tur.
355 835 464 882 Vim
485 833 638 880 vivam
667 842 819 878 tamen
845 846 870 876 a
895 841 1077 878 mortua
1103 829 1291 892 separat.

324 918 398 978 EJ.
435 912 687 976 Pathologia
712 910 972 967 methodica,
999 911 1038 972 s.
1061 912 1112 958 de
1131 910 1414 975 cognoscendis
1437 910 1590 960 morbis
1611 912 1764 961 Editio
1786 916 1868 963 III.
1899 917 2068 968 omiflis
2097 920 2260 982 priori.

194 983 280 1030 bus
308 982 440 1040 Lyon
461 990 594 1036 1759.
626 984 667 1032 8.
701 975 836 1030 12.'‘‚
877 978 919 1023 ἃ
957 977 1156 1023 multum
1185 977 1360 1024 auctius
1396 978 1626 1039 Nosblogia
1650 977 1887 1029 methodica
1913 981 2008 1039 ἷξε.
2059 986 2261 1034 Genevae

200 1052 336 1104 1763.
371 1050 412 1098 8.
449 1041 637 1101 5.Vol.*
703 1042 875 1088 Iterum
903 1057 985 1100 pro
1011 1043 1174 1087 animae
1193 1041 1410 1102 potestate
1442 1056 1617 1103 pugnat
1649 1044 1783 1091 etiam
1806 1044 2081 1107 spontaneos
2106 1063 2261 1099 motus

195 1121 395 1172 regente.
468 1109 711 1167 Quamque
733 1106 867 1151 etiarn
902 1105 1103 1165 corporis
1131 1116 1304 1166 partem
1336 1104 1417 1152 fibi
1448 1107 1769 1155 convenientia
1799 1127 1978 1166 curare,
2014 1115 2155 1162 noxia
2185 1116 2262 1162 de-

194 1176 358 1236 pellere
378 1173 495 1219 vult.
562 1169 878 1218 Mechanicam
896 1167 1117 1215 theoriam
1147 1186 1261 1230 pene
1286 1168 1538 1231 spinosismi
1561 1188 1681 1218 ream
1702 1171 1827 1221 facit.
1896 1178 2260 1227 Irritabilitatem

194 1238 386 1286 omnino
410 1252 512 1283 cum
539 1235 702 1281 elatere
729 1235 772 1280 &
799 1250 902 1280 curn
927 1232 1152 1280 sentiendi
1179 1233 1395 1282 facultate
1425 1233 1684 1283 confundit.
1753 1239 1925 1286 Iterum
1964 1244 2176 1290 arteriam
2210 1245 2263 1292 li..

195 1315 343 1365 gatam
363 1313 497 1361 negat
511 1296 822 1346 intumescere.
888 1299 1032 1344 Venae
1048 1297 1313 1345 incisionem
1327 1301 1486 1359 utique
1500 1298 1734 1361 sanguinis
1746 1319 1824 1363 per
1842 1307 2026 1354 arterias
2047 1309 2144 1368 ejus
2164 1325 2262 1369 par..

194 1367 253 1414 tis
277 1377 454 1413 motum
480 1362 737 1410 accelerare.
807 1363 1011 1410 Omnem
1033 1362 1289 1410 machinam
1309 1363 1367 1427 a}
1392 1363 1464 1410 sui
1488 1377 1642 1412 motus
1665 1368 1888 1423 amittere,
1928 1373 2051 1431 quod
2071 1374 2125 1419 de
2146 1372 2262 1422 fibra

194 1429 398 1478 humana
426 1429 516 1475 dici
539 1428 731 1475 omnino
757 1428 934 1488 nequit.
1003 1428 1215 1475 Animam
1242 1429 1361 1475 vires
1392 1444 1488 1474 non
1519 1430 1782 1490 prodigere,
1820 1435 1863 1480 &
1889 1435 1945 1481 ad
1969 1437 2170 1485 actiones
2194 1440 2262 1486 vi.

189 1496 306 1543 tales
329 1492 516 1541 servare.
585 1490 768 1539 Pulsum
798 1493 849 1539 in
876 1492 1004 1539 valde
1038 1490 1220 1540 senibus
1256 1491 1492 1554 insigniter
1532 1494 1790 1544 lentescere,
1871 1499 2046 1547 Iterum
2079 1515 2261 1550 motum

193 1559 343 1607 cordis
375 1574 473 1605 non
502 1553 583 1604 effe
608 1574 633 1603 a
655 1554 890 1618 spiritibus
910 1590 922 1609 ‚
966 1574 1070 1604 cum
1102 1555 1284 1619 sanguis
1312 1558 1361 1604 in
1395 1556 1579 1604 cerebro
1616 1571 1751 1617 52360.
1784 1563 1953 1612 lentius
1986 1580 2257 1622 moveatur,

189 1640 330 1685 quam
347 1624 397 1670 in
415 1623 591 1669 oriente
617 1633 756 1668 aorta.
824 1619 984 1669 Pulsus
1012 1623 1127 1668 bene
1154 1633 1376 1669 numerat.
1446 1623 1503 1669 In
1534 1624 1776 1683 pleuritide
1799 1629 2004 1687 pleuram
2030 1647 2128 1677 non
2150 1633 2258 1692 pati.

194 1689 427 1735 Corticem
457 1686 628 1797 (301εέ11
654 1682 908 1732 insenfilem
949 1685 1046 1734 effe.
1123 1687 1291 1734 Iridem
1329 1686 1553 1735 irritatam
1584 1704 1683 1736 non
1715 1691 1941 1741 contrahi.
2009 1695 2174 1744 Nullas
2210 1698 2262 1745 in.

191 1763 338 1801 retina
363 1768 502 1800 venas
529 1767 551 1797 e
587 1767 624 1797 e.

324 1835 514 1894 Nupera
544 1834 585 1880 Sc
609 1830 846 1893 posthuma
879 1831 1020 1880 editio
1052 1833 1188 1894 Lyon
1211 1839 1404 1895 1768.4.
1425 1832 1618 1884 2.Vol.*
1654 1834 1811 1898 paffim
1838 1843 1968 1888 audla
1995 1840 2056 1889 est
2074 1854 2262 1892 curante

191 1902 240 1955 J.
267 1900 458 1945 Antonio
479 1899 710 1945 CRAMER.

321 1982 497 2041 EJUSD.
536 1984 604 2026 De
628 1985 773 2026 anima
788 1984 961 2042 imperio
985 1985 1029 2027 in
1050 1997 1121 2028 cor
1148 1979 1375 2042 Monspel.
1395 1988 1530 2040 1760.
1562 1984 1640 2042 4*
1704 1984 1761 2031 In
1783 1986 1854 2032 Cl.
1873 1986 2257 2039 EBERHARDUM.

190 2044 365 2093 Iterum
402 2042 692 2091 Catholicum
734 2044 959 2091 medicum
992 2062 1091 2091 non
1126 2044 1246 2107 poffe
1281 2063 1379 2092 11011
1414 2049 1694 2097 STAHLIUM
1737 2048 1879 2110 sequi.
1956 2054 2172 2102 ‚Omnem
2202 2056 2259 2102 ab

192 2110 343 2156 anima
373 2121 552 2155 motum
581 2107 677 2155 effe.
746 2108 1058 2156 Resistentiam
1087 2111 1234 2156 cordis
1258 2112 1376 2157 vires
1408 2112 1690 2159 minuturam
1723 2111 1846 2168 fore,
1884 2115 1968 2162 nisi
1997 2118 2159 2165 anima:
2181 2136 2262 2166 vo-

191 2174 343 2220 luntas
371 2189 442 2221 eas
465 2173 738 2220 intenderet.
795 2174 974 2220 Contra
995 2175 1091 2221 vim
1114 2174 1296 2221 stimuli.
1358 2175 1534 2223 Contra
1554 2175 1778 2225 theoriam
1800 2180 2121 2230 irritabilitatis
2138 2202 2153 2236 3
2185 2182 2258 2232 hic

192 2235 357 2298 aspere.
429 2239 667 2292 Animam,
705 2250 760 2285 ut
781 2240 1065 2292 STAHL1U3‚
1097 2237 1344 2300 sapientem
1377 2237 1500 2287 facit.

317 2320 391 2380 EJ.
433 2323 501 2366 De
512 2319 737 2380 fitffitfione
766 2321 827 2367 ib.
852 2327 988 2380 1760.
1017 2320 1100 2381 4.*
1166 2322 1374 2368 Maculas
1397 2339 1452 2368 ex
1472 2321 1802 2373 consuetudine
1821 2326 2081 2376 evanescere
2092 2349 2107 2383 5
2142 2328 2260 2377 hanc

193 2381 273 2432 effe
301 2381 503 2437 causam,
541 2401 620 2430 cur
644 2385 695 2431 in
725 2387 1006 2434 MARIOTTI
1036 2387 1349 2447 experimento
1378 2388 1552 2433 nullam
1580 2389 1814 2438 videamus
1843 2394 2080 2441 maculam.
2147 2397 2259 2441 Rete

191 2446 459 2496 arteriosum
497 2446 680 2508 pulsans
720 2451 894 2497 retinae.
976 2449 1243 2505 Coruscatio
1272 2467 1299 2497 a
1329 2448 1578 2512 spirituum
1614 2456 1929 2504 eloilricorum
1960 2457 2257 2505 oscillatione.

192 2514 407 2561 Canalem
431 2513 610 2559 ΡΕΤ1Τ1
639 2511 872 2573 spiritibus
899 2516 1074 2576 repleri.

319 2595 395 2656 EJ.
430 2598 498 2640 De
527 2593 767 2656 amblyopia
797 2602 935 2655 1760.
962 2594 1045 2656 4.*
1112 2597 1202 2646 Hic
1228 2596 1283 2643 de
1307 2595 1409 2644 visu
1437 2600 1667 2646 nocturno
1699 2617 1723 2646 a
1752 2604 1995 2651 tenerrima
2018 2603 2188 2658 retina,
2215 2603 2258 2651 &

191 2657 359 2707 diurno
391 2657 451 2704 ob
478 2662 674 2705 retinam
704 2659 865 2706 obtuse
895 2659 1202 2714 sentientem3
1245 2660 1300 2708 de
1326 2664 1510 2724 myopia
1537 2663 1796 2714 dissertatio.

319 2743 396 2803 EJ.
438 2746 506 2788 De
533 2745 677 2788 ‹znimit
699 2740 906 2789 rediviva
941 2744 1001 2790 ib.
1028 2749 1169 2802 1761,
1199 2755 1252 2803 4.*

319 2823 399 2885 ΕΙ.
438 2828 506 2870 De
529 2823 697 2869 viribus
719 2824 929 2872 vitalibus
957 2824 1182 2887 Monspel.
1204 2833 1342 2885 1769.
1373 2825 1456 2886 4.*
1508 2828 1620 2875 Non
1645 2830 1809 2876 citatur
1833 2831 1881 2876 in
1908 2836 2006 2878 vita
2028 2833 2223 2880 nuezomk.

253 2966 262 2975 ¹
324 2905 382 2951 In
401 2909 535 2951 Me'm.
561 2905 613 2951 de
639 2906 903 2967 Montpelier
943 2920 1078 2966 1743.
1101 2907 1181 2967 4.*
1219 2909 1275 2956 de
1297 2916 1400 2959 aere
1432 2906 1482 2957 i²n
1510 2909 1775 2974 sanguinem
1801 2910 2006 2962 resorbto
2033 2915 2143 2977 agit,
2177 2915 2257 2976 qui

197 2982 322 3030 prius
352 2968 403 3015 in
426 2969 699 3019 humoribus
725 2970 888 3020 nostris
921 2971 1160 3021 diffolutus
1187 2971 1256 3022 fit.

2199 3041 2256 3090 In
