2531 3394
729 98 774 158 ς.
813 108 947 150 1261.
1020 99 1401 150 ARTHAUD.
1472 98 1717 162 JANIN.
2149 107 2240 162 685

320 203 495 260 Hugues
526 198 805 246 GAUTHIER
838 200 1009 246 e'le'mens
1035 198 1085 245 de
1107 197 1319 259 chirurgie
1338 200 1543 259 pratique
1569 196 1738 258 d’apre‘5
1762 203 1830 244 M.
1858 199 2087 248 FERREIN
2122 199 2243 246 Paris

196 274 331 321 1771.
364 261 467 308 12*
535 262 604 307 Dc
646 263 943 322 produfflone
978 276 1194 309 tonorum
1224 261 1780 320 celebreexperimentum
1804 264 2066 312 FERRENJO
2110 263 2244 309 debe-

190 341 292 372 mus
305 352 322 378 ‚⁴
355 341 450 371 non
489 325 590 371 ideo
620 327 884 386 praeceptori
913 327 1107 384 Europae
1141 325 1349 371 dicende.
1419 325 1485 370 Ex
1516 322 1699 370 vasculo
1741 327 1930 373 minimo
1965 327 2242 373 subcutaneo

190 387 456 450 sanguinem
483 389 537 434 ad
565 402 655 435 tres
682 391 814 449 pedes
837 387 1094 449 prosiluisse.

322 472 414 517 SUE
438 487 577 530 nepos
604 472 652 516 in
679 470 957 517 difflonnaire
985 468 1037 514 de
1063 466 1275 530 chirurgie
1307 469 1429 515 Paris
1462 481 1597 528 1771.
1626 467 1732 516 12.*
1769 470 1840 516 De
1866 482 1998 530 partu
2028 472 2241 524 naturali.

195 532 250 580 de
272 532 614 594 haemorrhagiis
641 551 665 579 a
689 545 849 580 natura
874 533 1092 578 excitatis·

323 615 400 674 EJ.
436 603 621 661 Elemens
646 614 697 659 de
722 611 934 674 chirurgie
969 614 1089 660 Paris
1115 625 1249 673 1775.
1274 611 1352 667 8.*
1398 615 1656 660 Anatomen
1689 616 1731 661 ἅ
1750 612 2075 676 physiologiam
2103 616 2248 662 conti-

197 691 302 732 net,
341 680 382 725 δε
404 680 544 724 multa
567 693 770 723 meorum
801 675 971 722 similia.

326 764 478 819 Henry
508 759 806 807 HAGUENOT
835 758 1039 820 melanges
1065 761 1241 804 curieux
1272 755 1330 813 ἓξ
1357 758 1602 820 intercffms
1619 758 1702 818 fin·
1730 758 1876 805 divers
1911 759 2042 817 objets
2077 759 2249 819 relatzfs

199 825 224 869 ἁ
244 824 286 869 la
304 822 521 883 pliyfiqzte’,
559 826 582 866 (ὲ
601 822 641 867 la
667 822 872 867 medecine
899 821 956 877 (ἐφ’)
977 827 1000 867 ά
1027 820 1225 882 l’histoire
1247 824 1454 868 naturelle
1491 827 1705 883 Avignon
1726 837 1860 880 1771.
1890 824 1995 869 12*
2033 822 2250 882 Analyses

199 887 409 933 chemicae
437 902 591 945 parum
636 902 717 930 nos
750 886 804 931 de
841 898 1002 931 natura
1029 884 1260 944 sanguinis
1291 886 1464 932 docere.
1534 888 1809 945 Frequenter
1835 888 1882 932 in
1919 887 2061 946 prima
2090 887 2252 945 patella

199 948 431 1010 sanguinis
466 949 652 995 floridus
677 949 763 1001 est,
802 948 946 994 crusta
973 949 1173 994 coriacea
1201 952 1251 993 in
1277 951 1428 994 altera.
1498 950 1724 995 Floridior
1745 948 1800 995 fit
1819 948 2000 1009 sanguis
2017 983 2029 1004 ,
2066 949 2251 1010 quando

200 1015 338 1073 longo
370 1014 531 1058 itinere
560 1019 706 1058 aerem
732 1013 921 1072 trajecit.
990 1013 1060 1056 De
1083 1012 1257 1057 viribus
1288 1012 1518 1058 medicatis
1541 1014 1664 1058 laCtis
1687 1014 1874 1072 ejusque
1896 1013 1994 1058 seri.

333 1095 624 1139 Βὶἑῖἰοηηαίνε
651 1092 701 1138 de
718 1093 844 1151 fimte‘
870 1092 1026 1138 T.111.
1063 1092 1186 1138 Paris
1215 1105 1347 1150 1771.
1379 1092 1456 1146 8.*
1488 1091 1772 1139 Potiffimurn
1794 1092 2049 1153 chirurgica
2067 1091 2220 1138 habet.

335 1179 480 1220 Lettre
500 1174 550 1219 de
578 1178 645 1219 M.
664 1174 825 1233 JANlN
851 1174 876 1217 ἁ
909 1177 978 1218 M.
1006 1172 1044 1218 le
1073 1171 1297 1220 Chevalier
1330 1173 1382 1218 de
1411 1177 1453 1220 S.
1508 1174 1828 1233 Experimenta
1851 1191 1929 1233 per
1952 1191 2052 1234 quae
2076 1173 2253 1220 constat

202 1238 356 1285 videre
378 1254 484 1289 nos,
524 1253 622 1296 quae
648 1237 878 1288 videmus,
915 1237 963 1281 in
989 1235 1257 1296 horoptere‚
1296 1239 1336 1282 ἃ
1367 1249 1564 1296 utroque
1595 1237 1745 1283 videre
1766 1240 1915 1284 oculo.
1984 1238 2254 1283 Violaceum

202 1303 323 1348 enim
349 1302 549 1347 colorem
564 1317 647 1346 nos
672 1300 838 1354 videre,
871 1299 979 1345 dum
1007 1316 1102 1346 uno
1128 1302 1261 1346 oculo
1290 1316 1368 1360 per
1394 1301 1599 1353 rubrum,
1636 1302 1778 1347 altero
1808 1317 1888 1361 per
1920 1303 2162 1348 caeruleum
2189 1300 2256 1347 vi-

201 1378 321 1412 trum
342 1362 619 1424 inspicimus.

333 1445 369 1491 E
372 1459 410 1506 J.
446 1433 677 1491 Memoiafes
699 1442 760 1500 ἐξ
771 1445 1063 1504 observationi·
1084 1449 1379 1506 anatomiques
1389 1443 1717 1507 pliyfiologiques
1735 1444 1793 1502 ἓξ
1813 1444 2116 1508 phyfiquesfizr
2141 1443 2260 1493 l'oeil

205 1506 264 1565 Εέ
277 1506 358 1567 sur
381 1509 438 1554 les
458 1509 664 1554 maladies
694 1514 768 1569 qui
794 1513 978 1571 affligent
1005 1522 1069 1556 cet
1097 1526 1253 1570 organe
1289 1507 1421 1569 Lyon
1442 1522 1577 1567 1772.
1610 1512 1686 1563 8.*
1752 1512 1901 1557 Multa
1932 1527 2068 1556 nova.
2137 1513 2258 1556 Ana-

205 1585 327 1619 tome
351 1570 441 1618 fere
466 1589 521 1617 ex
547 1573 760 1619 ZlNNlo.
833 1575 1115 1620 Anteriorem
1150 1573 1456 1619 membranam
1491 1574 1625 1619 lentis
1658 1573 1924 1633 crystallinae
1957 1591 1981 1619 a
2023 1572 2259 1633 posteriori

206 1637 423 1683 teneriori
449 1635 702 1695 distinguit.
748 1635 947 1683 Visionis
971 1635 1121 1683 sedem
1150 1637 1199 1682 in
1219 1637 1366 1682 retina
1390 1635 1484 1682 effe.
1538 1638 1608 1682 De
1632 1638 1716 1682 viis
1735 1638 2064 1683 lacrumalibus.
2116 1637 2257 1682 Poros

208 1698 468 1745 exhalantes
493 1716 668 1745 corneae
694 1700 862 1746 tunicae
893 1702 941 1746 in
966 1700 1236 1760 quibusdam
1265 1700 1435 1745 morbis
1463 1700 1656 1745 dilatari.
1728 1701 1937 1745 Vitreum
1975 1716 2141 1759 corpus
2181 1713 2258 1758 per

207 1763 516 1822 experimenta
552 1764 724 1809 cellulis
763 1761 875 1809 fieri.
944 1765 1250 1809 Carunculam
1280 1764 1570 1808 lacrumalem
1602 1764 1717 1808 vidit
1752 1764 1801 1809 in
1831 1762 2048 1809 solitarias
2078 1775 2258 1822 cryptas

206 1825 465 1873 resolutam.
533 1827 588 1871 ln
618 1838 681 1884 24
702 1825 826 1872 horis
848 1827 957 1872 duas
985 1829 1139 1873 uncias
1167 1828 1469 1872 lacrumarum
1493 1825 1675 1872 secerni.
1749 1827 1802 1872 In
1827 1829 1995 1886 pune'to
2026 1824 2260 1872 lacrumali

206 1889 422 1950 papillam
456 1887 561 1942 effe,
592 1906 693 1949 quae
716 1903 873 1943 exeat,
911 1892 953 1936 ὃς
987 1893 1154 1936 iterum
1180 1888 1487 1942 resorbeatur‚
1526 1892 1566 1935 &
1602 1886 1928 1935 resorbtionem
1956 1892 2261 1935 lacrumarum

210 1951 391 1999 efficiat.
459 1953 544 1999 Pro
570 1954 733 2014 majori
762 1966 839 2000 aut
869 1954 1034 2000 minori
1065 1955 1295 2014 apertione
1317 1953 1654 2013 palpebrarum,
1688 1952 1848 1999 ductus
1874 1953 2126 1999 lacrumalis
2149 1951 2264 1997 dire-

211 2017 408 2063 &ionem
441 2017 572 2062 aliam
605 2018 647 2063 &
671 2018 800 2063 aliam
829 2017 995 2063 induit.
1065 2019 1182 2063 Lens
1211 2032 1358 2075 neque
1380 2032 1403 2061 a
1430 2017 1571 2062 vitrea
1599 2016 1753 2061 tunica
1782 2017 2046 2062 continetur
2065 2050 2077 2067 ,
2113 2031 2261 2074 neque

212 2096 237 2126 a
260 2080 421 2127 retina.
458 2080 614 2127 Caecos
626 2092 770 2132 natos,
801 2083 1016 2126 cataracta
1040 2081 1269 2132 liberatos,
1290 2078 1402 2125 nihil
1427 2092 1504 2125 aut
1527 2079 1694 2138 duplex
1715 2078 1882 2132 vidiffe,
1911 2092 1990 2126 aut
2013 2077 2259 2129 inversum,

209 2146 255 2252 f}
287 2145 460 2254 coloreis
487 2146 604 2191 redte
634 2143 892 2191 distinxiffe.
975 2144 1141 2190 Itidem
1169 2143 1518 2190 irritabilitatem
1547 2141 1837 2196 conservare,
1879 2141 1957 2190 etsi
1987 2143 2134 2189 retina
2164 2139 2263 2187 sen-

233 2223 312 2253 um
339 2208 426 2254 ami
448 2220 499 2254 1t.
1641 2216 1643 2218 ¹

346 2289 421 2349 EJ.
458 2290 698 2352 Reflexions
721 2290 803 2348 fiir
831 2290 868 2336 le
887 2290 1000 2350 triste
1015 2288 1114 2348 sbrt
1139 2289 1210 2335 des
1223 2289 1468 2350 personnes,
1506 2293 1580 2349 qui
1594 2288 1697 2348 sous
1722 2306 1802 2335 une
1826 2301 2064 2350 apparem‘e
2082 2287 2131 2333 (Ie
2150 2295 2265 2334 mort

216 2362 292 2398 ont
315 2354 378 2397 e‘te'
407 2358 615 2400 enterre'es
640 2359 840 2399 vivczntes
872 2352 967 2409 &a
1027 2354 1149 2399 Paris
1181 2364 1316 2411 1772.
1350 2352 1426 2406 8.*
1495 2355 1708 2411 Spumam
1740 2355 1909 2398 malum
1940 2354 1988 2399 in
2028 2347 2264 2398 submersis

214 2430 312 2460 non
334 2413 519 2462 reddere
537 2417 801 2463 incurabile.
870 2418 1045 2462 Debere
1072 2433 1235 2476 corpus
1258 2414 1469 2463 submersi
1484 2414 1692 2462 calefieri.
1759 2417 1913 2462 Bonus
1933 2413 2115 2463 effeetus
2138 2411 2268 2459 inha-

217 2479 426 2526 lationis‚
461 2478 659 2538 clysteris
689 2480 915 2526 tabacarii.

348 2563 499 2606 Pierre
514 2560 701 2606 AUZEBI
724 2572 783 2606 tr.
817 2559 1106 2621 d’odontalgie
1120 2580 1132 2604 :
1166 2577 1364 2607 nouveau
1378 2560 1551 2621 ffisteme
1563 2560 1647 2620 fiir
1670 2562 1864 2622 l'origine
1889 2558 1948 2616 ἓξ
1974 2560 2016 2606 la
2026 2560 2269 2621 formation

221 2621 292 2669 des
313 2623 437 2670 dents
470 2624 601 2683 Lyon
626 2636 761 2682 1771.
792 2623 868 2677 8.*
935 2622 1189 2684 Descriptio
1211 2625 1330 2677 oris,
1367 2623 1470 2671 offis
1496 2625 1657 2684 palati,
1690 2625 1916 2669 dentium.
1986 2625 2083 2670 Hos
2102 2637 2155 2667 ex
2170 2619 2270 2666 suc-

220 2703 274 2733 co
299 2685 446 2740 nasci,
488 2703 635 2747 neque
669 2686 804 2733 fibras
831 2686 1016 2740 habere,
1054 2704 1200 2747 neque
1235 2689 1439 2735 laminas.
1507 2689 1762 2733 Primorurn
1797 2686 1968 2733 radices
2009 2697 2086 2733 aut
2121 2686 2268 2731 nullas

221 2748 329 2803 effe,
368 2763 448 2796 aut
475 2768 552 2811 per
570 2752 769 2812 exiguas.
838 2752 1000 2797 Novos
1031 2751 1187 2798 dentes
1211 2752 1367 2811 primis
1391 2748 1617 2798 craffiores
1643 2748 1738 2796 effe.

352 2832 550 2878 LANSEL
581 2831 635 2878 de
663 2834 861 2879 MAGNY
890 2844 950 2878 tr.
979 2832 1031 2877 de
1058 2832 1102 2878 la
1119 2830 1360 2894 sympathia*
1390 2832 1450 2878 du
1479 2844 1599 2891 corps
1628 2828 1799 2876 humain
1823 2830 1932 2876 dans
1953 2829 2074 2876 l'e‘tat
2103 2828 2155 2875 de
2181 2845 2271 2874 ma·

226 2892 338 2939 ladie
361 2892 456 2950 &a
493 2895 614 2942 Paris
640 2909 774 2954 1771.
800 2894 879 2949 8.*
946 2895 1208 2958 Sympathia
1229 2897 1365 2943 unice
1385 2913 1413 2943 a
1433 2895 1585 2941 nervis
1608 2893 1682 2941 est.
1752 2894 2009 2941 Ventriculi
2033 2909 2137 2942 cum
2168 2892 2271 2939 uni-

225 2955 354 3005 verso
382 2973 568 3021 corpore
595 2957 854 3008 consensus.
878 3013 888 3022 .

1257 3023 1489 3079 ΒΣΗ-3
2190 3013 2268 3066 Th.
