2531 3394
769 98 1268 156 ADDENDA
1334 99 1531 152 Toml
1589 100 1664 151 11:

197 245 351 300 1».549
385 235 416 283 1.
435 243 492 284 21
529 231 586 281 ad
609 233 946 282 CANG1AM1LA
974 232 1088 281 adde

140 314 175 348 ἰ’
215 318 358 365 Nunc
387 316 475 378 legi
499 316 676 377 plenius
705 331 840 376 opus.

137 379 247 429 funt
277 381 516 443 praecipua.
582 380 744 427 Fetum
769 391 831 427 20
857 377 946 423 diei
963 374 1132 423 vixifl'e.

137 445 187 493 N
190 446 410 506 egIeClum
434 443 580 491 fetum
602 441 868 490 trimestrem
890 442 1030 487 altero
1060 438 1133 485 die

136 509 291 556 vivere
312 507 473 557 visum.
507 507 766 559 Feminam,
796 520 896 565 quae
914 515 1020 550 ante
1034 518 1132 564 par-

136 583 237 619 tum
262 574 384 627 obit,
418 572 609 618 omnino
639 568 954 616 incidendam:
984 564 1131 628 saepis?-

136 634 242 683 s1me
274 639 395 683 enim
435 637 479 682 &
513 650 627 695 pene
656 631 854 692 semper,
904 631 1131 692 ejusmodi

134 698 280 748 fetum
304 701 482 752 vivere,
526 697 652 758 quod
691 695 839 742 noster
872 698 1017 743 multa
1052 711 1131 756 per

135 765 341 825 exempla
367 761 666 813 demonstrat,
719 761 855 806 etiam>
881 761 931 806 in
955 759 1129 808 femina
1151 783 1153 786 ·

132 826 361 889 fulgurata
376 860 390 880 ‚
422 826 559 872 etiam
588 824 794 885 pluribus
816 840 841 870 a
863 836 1014 871 morte
1037 839 1129 872 ma-

131 891 212 938 tris
239 889 392 944 horis,
427 901 481 936 ut
504 888 560 935 ad
584 889 811 935 cadaveris
834 889 967 934 etiam
994 888 1128 949 pedes

130 952 282 1015 infans
320 952 375 1002 fit
417 954 663 1006 inventus,
714 953 794 1013 qui
833 952 931 1012 post
968 952 1127 999 matris

130 1029 326 1065 mortem
350 1029 482 1079 partu
507 1017 656 1063 editus
672 1014 833 1062 fuerat.
901 1017 1053 1062 Multa
1071 1015 1126 1062 de

127 1079 242 1136 fetu,
279 1082 414 1128 etiam
438 1081 592 1128 tabula
605 1081 954 1131 BIANCHIANA‚
987 1094 1124 1139 quam

129 1145 185 1191 ad
215 1144 472 1192 definienda
495 1145 775 1190 incrementa
796 1143 996 1201 adoptat.
1042 1142 1077 1189 F
1081 1159 1123 1188 e-

128 1219 231 1255 tum
266 1221 420 1256 tamen
448 1206 677 1268 respirare.
768 1203 1021 1252 Parofchum
1050 1207 1123 1253 de-

125 1270 506 1319 bereincifionem
528 1271 681 1317 matris
701 1270 936 1331 imperare,
963 1283 1122 1318 contra

127 1334 446 1398 chirurgorum
466 1333 581 1396 saepe
613 1333 688 1381 hic
717 1335 966 1381 errantium
996 1350 1121 1381 men-

126 1410 244 1456 tem,
283 1400 418 1447 etiam
446 1397 600 1460 frigidi
622 1397 865 1445 cadaveris.
935 1399 1006 1444 De
1039 1415 1122 1445 cae-

122 1461 248 1510 sareo
273 1474 402 1524 partu
422 1465 472 1510 in
484 1466 588 1511 viva
614 1474 782 1516 matre,
822 1464 863 1509 ὃς
881 1461 935 1509 de
950 1461 1121 1510 cafibus

121 1527 170 1572 in
183 1528 349 1587 quibus
362 1528 595 1575 convenit.
630 1528 804 1573 Contra
817 1527 1113 1582 BIANCHUM‚

118 1588 246 1638 hune
275 1603 455 1652 partum
483 1590 834 1652 improbantem.
901 1592 1117 1652 Exempla

118 1651 260 1701 felicis
301 1668 505 1703 eventus.
595 1655 758 1701 Fetum
784 1653 923 1701 modo
953 1666 1114 1702 natum

116 1715 378 1778 frequenter
418 1717 584 1779 absque
607 1717 739 1778 pulsu
767 1717 872 1771 effe,
910 1721 953 1765 ἃ
979 1718 1115 1780 respi-

117 1782 295 1828 ratione
322 1816 334 1836 ‚
384 1785 426 1830 ὃς
466 1794 618 1829 tamen
655 1781 964 1835 convaluisse,
1010 1800 1114 1830 cum

118 1847 350 1906 exemplis,
372 1847 507 1893 etiam
528 1863 632 1893 cum
651 1857 775 1892 totus
796 1844 991 1905 frigeret.
1030 1848 1114 1894 Vi-

115 1919 206 1954 tam
242 1911 476 1956 minimam
513 1908 676 1970 absque
708 1911 814 1957 vitae
846 1909 982 1970 signis
1005 1928 1114 1958 con-

113 1969 279 2032 spicUis
303 1972 530 2034 supereffe.
599 1974 735 2034 Signa
762 1976 922 2021 mortis
941 1976 990 2020 in
1014 1974 1113 2023 fetu

113 2037 242 2082 valde
270 2036 446 2084 fallacia
473 2036 584 2091 effe,
619 2039 750 2083 etiam
770 2039 1023 2097 putredinis
1041 2041 1111 2086 in-

113 2099 243 2146 dicia.
280 2100 624 2148 Sub'mersorum
637 2118 742 2148 cura
756 2100 978 2149 habenda.
1019 2105 1111 2150 CA-

114 2176 239 2214 ΒΘΗ
277 2166 409 2225 (ΙΙΙ.)
451 2167 555 2219 lex,
599 2163 844 2212 sed‘tionem
880 2165 1110 2215 caesa-ream

110 2225 391 2287 imperantis,
423 2245 544 2276 anno
564 2231 651 2276 lata
674 2243 808 2288 1749.
835 2245 932 2276 tum
957 2248 1109 2292 prore-

111 2306 235 2349 gum,
267 2292 604 2353 episcoporum,
632 2294 946 2353 protomedici.
1007 2295 1110 2344 Me..

109 2355 347 2401 morabilia
379 2359 579 2417 exempla
614 2374 857 2418 puerorum
873 2393 892 2412 ‚-
924 2361 1003 2419 qui
1043 2361 1107 2407 vi-

108 2417 305 2471 vebant,
341 2437 443 2466 cum
466 2436 548 2480 pro
575 2422 769 2467 mortuis
796 2420 1086 2470 haberentur.

158 2482 313 2528 Italiee
343 2484 574 2544 prodierat
605 2485 812 2531 Palermo
837 2498 970 2544 1745.
992 2486 1071 2534 fol.

104 2578 147 2621 p.
169 2575 260 2621 554
296 2565 323 2609 1.
347 2567 519 2625 penult.
546 2565 601 2611 ad
630 2570 779 2613 Franc.
799 2566 949 2629 „Ioseph
974 2569 1103 2617 CAR-

235 2641 366 2674 RERE
394 2630 423 2674 l.
453 2629 524 2675 des
543 2629 699 2676 malad.
732 2632 982 2694 inflammat.

139 2690 279 2736 Nunc
303 2692 405 2752 legi.
464 2693 870 2741 Inflammationem
886 2697 1100 2751 etiamlo-

103 2768 205 2799 curn
232 2753 403 2801 habere·
427 2755 476 2802 in
509 2759 712 2816 partibus
753 2757 882 2805 sensu
909 2762 1099 2808 carenti-

102 2815 200 2863 bus.
251 2819 487 2878 Ejusm-odi
501 2820 544 2867 se
562 2819 761 2882 reperiffe
775 2824 1093 2882 peritonaeum,

103 2880 344 2939 epiploon‚
381 2885 698 2932 mediastinum
727 2920 739 2939 ‚
786 2887 1097 2935 membranam

101 2945 371 2992 exteriorem
397 2949 722 3001 intestinorum
745 2952 788 2999 &
815 2952 1060 3001 ventriculi
1080 2987 1099 3008 2.

164 3007 312 3066 (Bibl.
326 3013 459 3062 Anat.
492 3018 542 3064 T.
558 3016 651 3070 ll.)

2098 110 2195 161 7855

1205 241 1305 278 tum
1330 244 1493 276 renum
1510 263 1524 283 ‚
1550 228 1742 290 hepatis,
1770 240 2017 286 ureterum,
2045 230 2198 285 lienis.

902 313 1014 360 Haec
1043 309 1138 359 visa
1202 292 1408 338 vesiculae
1426 291 1560 344 fellis,
1590 295 1885 351 pulmonum,
1923 295 2178 355 pericardii,

1244 372 1321 434 EJ.
1367 370 1428 418 est
1459 368 1552 433 diff:
1600 370 1652 418 de
1685 374 1942 436 retrogrado
1972 375 2196 441 fimguinis

1199 447 1317 483 motu
1349 436 1605 498 Perpignan
1625 448 1761 495 1773.
1783 444 1824 491 8.

1298 534 1344 578 p.v
1365 523 1453 576 558
1488 517 1543 564 ad
1568 515 1709 564 finem
1737 533 1781 564 n.
1810 526 1944 578 1178.
1972 519 2085 567 adde

1227 581 1490 631 EUTROPH
1504 582 1852 630 PfflLADELPffl
1869 585 2044 643 (Enim
2060 585 2192 634 Pon„

1196 646 1519 704 TOPPIDANJ)
1565 645 1853 706 oeconomzsche
1889 648 2071 694 Balunce
2109 649 2190 696 der

1192 712 1337 756 Krone
1360 708 1611 757 Dt'inemarlc
1644 709 1938 772 Koppenhag.
1960 717 2099 769 1760.

1235 808 1277 852 p.
1297 795 1387 850 560
1418 789 1501 839 sub
1530 793 1557 839 l.
1578 805 1606 847 9
1640 792 1696 838 ad
1718 793 1772 839 A.
1803 793 2016 840 GEHLER
2044 792 2146 840 add,

1237 856 1312 917 EJ.
1337 859 1485 916 prima
1503 856 1623 917 fetus
1650 855 1876 918 respiratio
1906 853 2025 917 Lips.
2050 868 2191 915 1773.

1191 919 1267 977 4*
1301 920 1414 965 Non
1429 917 1557 966 facile
1575 920 1720 980 prima
1737 922 1833 966 vice
1846 919 1987 967 fetum
2004 918 2191 980 respira-

1191 998 1254 1035 re,
1271 983 1541 1042 nequidem,-
1561 983 1744 1043 quando
1758 982 2048 1046 diaphragma
2064 986 2105 1031 &
2118 1000 2192 1031 co.-

1192 1044 1266 1093 stae
1290 1046 1506 1094 videntur
1531 1055 1678 1094 aerem
1703 1058 1896 1108 captare.

1397 1145 1440 1188 p.
1461 1134 1546 1186 565
1586 1128 1684 1188 post
1711 1130 1740 1176 1.
1764 1141 1819 1185 19
1853 1128 1968 1177 adde

1228 1191 1304 1252 EJ.
1342 1191 1392 1238 in
1409 1192 1626 1254 spicilegio
1642 1193 1727 1239 XI.
1765 1192 1916 1240 Berlin
1938 1199 2075 1252 1776.
2101 1191 2187 1252 4*

1186 1253 1281 1301 fuse
1308 1254 1364 1302 de
1397 1254 1649 1303 mufimone
1677 1256 1866 1304 Sibirico
1894 1258 2079 1318 Argali:
2129 1260 2185 1305 de

1184 1319 1308 1366 lbiee
1334 1320 1525 1367 Sibirico
1546 1338 1557 1366 ε
1605 1320 1660 1366 de
1686 1321 1845 1367 ovium
1881 1334 2080 1381 quatuor
2108 1328 2187 1370 *xxa-1

1181 1383 1444 1436 rietatibus‚
1480 1385 1618 1445 longa
1639 1384 1794 1436 cauda,
1832 1384 2011 1447 adiposa
2027 1388 2183 1440 cauda,

1181 1446 1310 1494 brevi
1329 1448 1485 1501 cauda,
1515 1450 1557 1495 Sc
1576 1448 1718 1494 mista.
1777 1449 1939 1497 Passim
1957 1463 2181 1498 anatome.

1181 1511 1303 1558 Mira
1340 1512 1589 1573 longi-tudo-
1636 1512 1958 1560 intestinorum
2008 1515 2059 1560 in
2101 1516 2184 1561 Ar-

1180 1576 1267 1637 gali
1287 1610 1301 1629 ,
1332 1593 1432 1636 quae
1469 1583 1573 1630 18es
1607 1578 1808 1637 corporis
1839 1578 2011 1639 proprii
2034 1579 2182 1640 longi«

1177 1639 1385 1696 tudinem
1412 1638 1650 1702 superent,
1689 1643 1731 1688 &
1757 1642 1813 1688 ad
1840 1650 1916 1698 96.
1943 1642 2076 1703 pedes
2103 1659 2177 1689 exa

1176 1704 1439 1750 tendantur.
1530 1706 1641 1751 Non
1681 1722 1832 1752 veram
1876 1705 1956 1752 effe
1998 1708 2176 1767 legem2,

1175 1767 1295 1813 idem
1332 1767 1414 1814 effe
1450 1769 1619 1815 animal
1655 1771 1695 1815 &
1725 1770 1925 1816 eamdem
1948 1768 2171 1830 speciem,

1176 1832 1361 1891 quando
1405 1834 1590 1879 alterius
1637 1850 1745 1879 cum
1786 1835 1926 1881 altero
1967 1836 2177 1881 coeuntiS

1173 1912 1318 1943 venus
1338 1894 1532 1943 fecunda
1550 1896 1627 1949 est.
1695 1898 1804 1944 lbex
1819 1914 1922 1945 eum
1939 1899 2082 1957 capris
2102 1915 2177 1960 ge-

1174 1974 1329 2013 nerat,
1363 1963 1404 2007 ὃς
1425 1960 1542 2008 fetus
1574 1972 1768 2007 matrum
1787 1960 2018 2009 similiores
2035 1961 2140 2009 sunt
2159 1980 2179 2009 τ’

1171 2023 1374 2084 phasiani
1406 2042 1509 2071 cum
1549 2026 1716 2085 gallina
1754 2040 2005 2086 generant..
2076 2027 2176 2073 Pila'

1175 2088 1274 2134 ovis
1317 2089 1612 2135 Kalmuceicae
1660 2091 1762 2150 pilis
1809 2089 1864 2137 fit
1905 2091 2171 2143 camelinis⁹

1173 2152 1297 2211 quod
1347 2153 1445 2200 ovis
1489 2151 1802 2214 salffuginosos
1850 2156 2007 2202 cameli
2054 2155 2179 2215 pilos

1171 2217 1333 2277 lingat.

1340 2316 1382 2359 p.
1416 2311 1505 2357 5'70
1536 2297 1667 2359 supra
1696 2300 1831 2347 imam
1854 2301 1977 2348 adde

1215 2363 1290 2424 EJ.
1342 2362 1643 2426 Beschreibung
1679 2369 1786 2411 eines
1824 2369 2168 2413 Baromacrome-

1169 2438 1256 2473 ters
1277 2428 1367 2473 und
1391 2425 1720 2489 Cephalometers
1751 2427 1845 2484 &a
1883 2429 1999 2490 Lips.
2031 2444 2167 2489 1775.

1168 2493 1243 2548 4*
1303 2492 1436 2537 Fetus
1463 2493 1661 2552 grandes
1685 2494 1877 2552 pendere
1917 2505 1988 2540 12.
2012 2494 2172 2548 librasm

1171 2555 1212 2600 ἃ
1240 2554 1465 2615 ejusmodi
1492 2554 1633 2602 fetum
1660 2555 1903 2603 difficulter
1922 2569 2051 2617 partu
2072 2559 2160 2605 edi.

1170 2619 1370 2679 Septimo
1407 2619 1557 2666 mense
1595 2621 1786 2680 pendere
1810 2621 1949 2668 libras
1974 2623 2022 2683 3}
2046 2655 2059 2675 ‚
2097 2624 2170 2682 321..

1169 2683 1298 2729 Circa
1322 2684 1521 2730 medium
1542 2685 1819 2742 graviditatis
1841 2698 2017 2746 tempus
2032 2702 2171 2747 aquae

1166 2747 1346 2807 pondus
1373 2746 1489 2794 fetui
1516 2748 1705 2807 ponderi
1735 2750 1904 2808 ecquale
1934 2748 2031 2797 effe.

1317 2845 1360 2889 p.
1387 2840 1471 2887 5⁴75
1511 2830 1538 2874 l.
1560 2835 1584 2882 8
1622 2827 1752 2888 supra
1778 2830 1916 2876 imam
1950 2831 2007 2877 ad

1442 2892 1747 2939 COTUNNUM
1775 2894 1875 2940 add.

1159 2954 1346 3015 Anglice
1373 2956 1543 3014 prodiit
1571 2956 1767 3006 London
1791 2965 1927 3019 1776.
1952 2966 2003 3015 8..

1224 3019 1469 3081 Ggg'gg
2004 3031 2157 3086 ΝΜ»
