<?xml version="1.0" encoding="UTF-8"?>
<!DOCTYPE html PUBLIC "-//W3C//DTD XHTML 1.0 Transitional//EN"
    "http://www.w3.org/TR/xhtml1/DTD/xhtml1-transitional.dtd">
<html xmlns="http://www.w3.org/1999/xhtml" xml:lang="en" lang="en">
 <head>
  <title>
</title>
<meta http-equiv="Content-Type" content="text/html;charset=utf-8" />
  <meta name='ocr-system' content='tesseract 3.04.00' />
  <meta name='ocr-capabilities' content='ocr_page ocr_carea ocr_par ocr_line ocrx_word'/>
</head>
<body>
  <div class='ocr_page' id='page_1' title='image "bibliothecaanato02hall_0640.png"; bbox 0 0 2531 3394; ppageno 0'>
   <div class='ocr_carea' id='block_1_1' title="bbox 248 60 1922 170">
    <p class='ocr_par' dir='ltr' id='par_1_1' title="bbox 248 60 1922 170">
     <span class='ocr_line' id='line_1_1' title="bbox 248 60 1922 170; baseline 0.002 -28"><span class='ocrx_word' id='word_1_1' title='bbox 248 110 346 170; x_wconf 49' lang='lat'>53&amp;</span> <span class='ocrx_word' id='word_1_2' title='bbox 665 101 799 150; x_wconf 75' lang='lat' dir='ltr'>Lm.</span> <span class='ocrx_word' id='word_1_3' title='bbox 844 103 934 149; x_wconf 73' lang='lat' dir='ltr'>rx.</span> <span class='ocrx_word' id='word_1_4' title='bbox 1001 63 1424 147; x_wconf 66' lang='lat' dir='ltr'><strong>ANATOMFS</strong></span> <span class='ocrx_word' id='word_1_5' title='bbox 1472 60 1922 163; x_wconf 75' lang='lat' dir='ltr'>PEREECTlo.</span> 
     </span>
    </p>
   </div>
   <div class='ocr_carea' id='block_1_2' title="bbox 257 211 2310 365">
    <p class='ocr_par' dir='ltr' id='par_1_2' title="bbox 257 211 2310 365">
     <span class='ocr_line' id='line_1_2' title="bbox 259 211 2310 298; baseline -0.004 -12"><span class='ocrx_word' id='word_1_6' title='bbox 259 250 406 287; x_wconf 74' lang='lat' dir='ltr'>s&#39;rEIN</span> <span class='ocrx_word' id='word_1_7' title='bbox 435 233 630 298; x_wconf 74' lang='lat' dir='ltr'>gravidze</span> <span class='ocrx_word' id='word_1_8' title='bbox 652 231 833 280; x_wconf 74' lang='lat' dir='ltr'>feminae</span> <span class='ocrx_word' id='word_1_9' title='bbox 856 211 882 279; x_wconf 69' lang='lat' dir='ltr'>a</span> <span class='ocrx_word' id='word_1_10' title='bbox 911 229 1143 294; x_wconf 76' lang='lat' dir='ltr'><strong>sanguinis</strong></span> <span class='ocrx_word' id='word_1_11' title='bbox 1173 225 1348 288; x_wconf 72' lang='lat' dir='ltr'>jaaura</span> <span class='ocrx_word' id='word_1_12' title='bbox 1378 235 1572 275; x_wconf 77' lang='lat' dir='ltr'>mortuae</span> <span class='ocrx_word' id='word_1_13' title='bbox 1601 225 1867 289; x_wconf 78' lang='lat' dir='ltr'>incisionem</span> <span class='ocrx_word' id='word_1_14' title='bbox 1886 227 1979 282; x_wconf 84' lang='lat' dir='ltr'>dat,</span> <span class='ocrx_word' id='word_1_15' title='bbox 2015 226 2155 278; x_wconf 75' lang='lat' dir='ltr'>fitui&#39;n</span> <span class='ocrx_word' id='word_1_16' title='bbox 2172 227 2310 285; x_wconf 82' lang='lat' dir='ltr'>fetuS‚</span> 
     </span>
     <span class='ocr_line' id='line_1_3' title="bbox 257 296 846 365; baseline -0.012 -15"><span class='ocrx_word' id='word_1_17' title='bbox 257 304 510 365; x_wconf 78' lang='lat' dir='ltr'>placentam</span> <span class='ocrx_word' id='word_1_18' title='bbox 534 296 846 346; x_wconf 86' lang='lat' dir='ltr'>semibifidam.</span> 
     </span>
    </p>
   </div>
   <div class='ocr_carea' id='block_1_3' title="bbox 389 367 2314 436">
    <p class='ocr_par' dir='ltr' id='par_1_3' title="bbox 389 353 2314 436">
     <span class='ocr_line' id='line_1_4' title="bbox 389 367 2314 436; baseline -0.004 -6"><span class='ocrx_word' id='word_1_19' title='bbox 389 378 544 432; x_wconf 77' lang='lat' dir='ltr'>Petrus</span> <span class='ocrx_word' id='word_1_20' title='bbox 569 379 620 428; x_wconf 84' lang='lat' dir='ltr'>de</span> <span class='ocrx_word' id='word_1_21' title='bbox 636 381 872 428; x_wconf 77' lang='lat' dir='ltr'>WESTEN</span> <span class='ocrx_word' id='word_1_22' title='bbox 895 374 976 436; x_wconf 78' lang='lat' dir='ltr'>obfi</span> <span class='ocrx_word' id='word_1_23' title='bbox 1001 379 1077 434; x_wconf 88' lang='lat'>78.</span> <span class='ocrx_word' id='word_1_24' title='bbox 1111 370 1257 419; x_wconf 86' lang='lat' dir='ltr'>fetum</span> <span class='ocrx_word' id='word_1_25' title='bbox 1281 369 1508 432; x_wconf 73' lang='lat' dir='ltr'>descripsit</span> <span class='ocrx_word' id='word_1_26' title='bbox 1535 367 1700 432; x_wconf 59' lang='lat' dir='ltr'>abfilue</span> <span class='ocrx_word' id='word_1_27' title='bbox 1725 371 1921 420; x_wconf 88' lang='lat' dir='ltr'>brachiis</span> <span class='ocrx_word' id='word_1_28' title='bbox 1951 375 1994 420; x_wconf 88' lang='lat'>&amp;</span> <span class='ocrx_word' id='word_1_29' title='bbox 2023 391 2111 421; x_wconf 87' lang='lat' dir='ltr'>ano</span> <span class='ocrx_word' id='word_1_30' title='bbox 2138 387 2314 423; x_wconf 87' lang='lat' dir='ltr'>natum.</span> 
     </span>
    </p>
   </div>
   <div class='ocr_carea' id='block_1_4' title="bbox 261 439 2374 591">
    <p class='ocr_par' dir='ltr' id='par_1_4' title="bbox 261 439 2374 591">
     <span class='ocr_line' id='line_1_5' title="bbox 394 439 2374 515; baseline -0.005 -2"><span class='ocrx_word' id='word_1_31' title='bbox 394 463 569 513; x_wconf 78' lang='lat' dir='ltr'>Gottlob</span> <span class='ocrx_word' id='word_1_32' title='bbox 598 467 695 511; x_wconf 81' lang='lat' dir='ltr'>Car.</span> <span class='ocrx_word' id='word_1_33' title='bbox 723 463 1067 510; x_wconf 74' lang='lat' dir='ltr'>SPRlNGSFELD</span> <span class='ocrx_word' id='word_1_34' title='bbox 1087 489 1099 509; x_wconf 87' lang='lat'>‚</span> <span class='ocrx_word' id='word_1_35' title='bbox 1132 455 1367 502; x_wconf 78' lang='lat' dir='ltr'>Archiater</span> <span class='ocrx_word' id='word_1_36' title='bbox 1393 451 1806 501; x_wconf 76' lang='lat' dir='ltr'>Weissenfelsenfis</span> <span class='ocrx_word' id='word_1_37' title='bbox 1823 489 1836 509; x_wconf 79' lang='lat'><strong>,</strong></span> <span class='ocrx_word' id='word_1_38' title='bbox 1872 454 1954 515; x_wconf 70' lang='lat' dir='ltr'>obs</span> <span class='ocrx_word' id='word_1_39' title='bbox 1972 469 2048 511; x_wconf 88' lang='lat'>90.</span> <span class='ocrx_word' id='word_1_40' title='bbox 2075 454 2216 503; x_wconf 85' lang='lat' dir='ltr'>fetum</span> <span class='ocrx_word' id='word_1_41' title='bbox 2246 458 2317 504; x_wconf 85' lang='lat' dir='ltr'>bi·</span> <span class='ocrx_word' id='word_1_42' title='bbox 2367 439 2374 443; x_wconf 35' lang='lat'>¹</span> 
     </span>
     <span class='ocr_line' id='line_1_6' title="bbox 261 519 1332 591; baseline -0.013 -14"><span class='ocrx_word' id='word_1_43' title='bbox 261 530 443 591; x_wconf 76' lang='lat' dir='ltr'>cipitem</span> <span class='ocrx_word' id='word_1_44' title='bbox 474 527 822 589; x_wconf 86' lang='lat' dir='ltr'>quadrimanum</span> <span class='ocrx_word' id='word_1_45' title='bbox 849 526 891 569; x_wconf 87' lang='lat'>&amp;</span> <span class='ocrx_word' id='word_1_46' title='bbox 915 520 1135 581; x_wconf 79' lang='lat' dir='ltr'>tripedem</span> <span class='ocrx_word' id='word_1_47' title='bbox 1159 519 1332 583; x_wconf 25' lang='lat' dir='ltr'>dixin-i.</span> 
     </span>
    </p>
   </div>
   <div class='ocr_carea' id='block_1_5' title="bbox 264 586 2379 722">
    <p class='ocr_par' dir='ltr' id='par_1_5' title="bbox 264 586 2379 722">
     <span class='ocr_line' id='line_1_7' title="bbox 392 586 2318 672; baseline -0.005 -15"><span class='ocrx_word' id='word_1_48' title='bbox 392 608 549 672; x_wconf 73' lang='lat' dir='ltr'>Philip.</span> <span class='ocrx_word' id='word_1_49' title='bbox 578 607 729 656; x_wconf 77' lang='lat' dir='ltr'>Bernh.</span> <span class='ocrx_word' id='word_1_50' title='bbox 759 607 1018 653; x_wconf 79' lang='lat' dir='ltr'>PETMANN</span> <span class='ocrx_word' id='word_1_51' title='bbox 1049 600 1129 661; x_wconf 84' lang='lat' dir='ltr'>obs.</span> <span class='ocrx_word' id='word_1_52' title='bbox 1154 586 1232 659; x_wconf 77' lang='lat'>97.</span> <span class='ocrx_word' id='word_1_53' title='bbox 1270 599 1324 646; x_wconf 91' lang='lat' dir='ltr'>de</span> <span class='ocrx_word' id='word_1_54' title='bbox 1348 597 1446 647; x_wconf 89' lang='lat' dir='ltr'>fetu</span> <span class='ocrx_word' id='word_1_55' title='bbox 1471 599 1580 647; x_wconf 87' lang='lat' dir='ltr'>vivo</span> <span class='ocrx_word' id='word_1_56' title='bbox 1603 600 1653 647; x_wconf 91' lang='lat' dir='ltr'>in</span> <span class='ocrx_word' id='word_1_57' title='bbox 1679 612 1810 648; x_wconf 88' lang='lat' dir='ltr'>utero</span> <span class='ocrx_word' id='word_1_58' title='bbox 1838 600 1881 648; x_wconf 84' lang='lat' dir='ltr'>se</span> <span class='ocrx_word' id='word_1_59' title='bbox 1901 603 2128 664; x_wconf 82' lang='lat' dir='ltr'>agitante,</span> <span class='ocrx_word' id='word_1_60' title='bbox 2163 602 2318 650; x_wconf 85' lang='lat' dir='ltr'>cranio</span> 
     </span>
     <span class='ocr_line' id='line_1_8' title="bbox 264 666 2379 722; baseline -0.01 0"><span class='ocrx_word' id='word_1_61' title='bbox 264 674 480 722; x_wconf 78' lang='lat' dir='ltr'>destituto</span> <span class='ocrx_word' id='word_1_62' title='bbox 516 676 557 720; x_wconf 87' lang='lat'>&amp;</span> <span class='ocrx_word' id='word_1_63' title='bbox 585 672 781 719; x_wconf 87' lang='lat' dir='ltr'>cerebro.</span> <span class='ocrx_word' id='word_1_64' title='bbox 2373 666 2379 667; x_wconf 66' lang='grc'><em>’</em></span> 
     </span>
    </p>
   </div>
   <div class='ocr_carea' id='block_1_6' title="bbox 265 742 2322 877">
    <p class='ocr_par' dir='ltr' id='par_1_6' title="bbox 265 742 2322 877">
     <span class='ocr_line' id='line_1_9' title="bbox 398 742 2322 808; baseline -0.005 -3"><span class='ocrx_word' id='word_1_65' title='bbox 398 757 694 806; x_wconf 74' lang='lat' dir='ltr'>commentarii</span> <span class='ocrx_word' id='word_1_66' title='bbox 721 751 773 797; x_wconf 86' lang='lat' dir='ltr'>de</span> <span class='ocrx_word' id='word_1_67' title='bbox 794 744 1040 806; x_wconf 77' lang='lat' dir='ltr'>Bononiensi</span> <span class='ocrx_word' id='word_1_68' title='bbox 1062 749 1226 793; x_wconf 79' lang='lat' dir='ltr'>artium</span> <span class='ocrx_word' id='word_1_69' title='bbox 1257 742 1316 801; x_wconf 57' lang='lat' dir='ltr'>&amp;J</span> <span class='ocrx_word' id='word_1_70' title='bbox 1332 745 1613 805; x_wconf 69' lang='lat' dir='ltr'><em>scientiarum</em></span> <span class='ocrx_word' id='word_1_71' title='bbox 1642 748 1829 808; x_wconf 84' lang='lat' dir='ltr'>instituto</span> <span class='ocrx_word' id='word_1_72' title='bbox 1853 748 1988 796; x_wconf 89' lang='lat' dir='ltr'>Tom.</span> <span class='ocrx_word' id='word_1_73' title='bbox 2010 749 2069 797; x_wconf 91' lang='lat' dir='ltr'>V.</span> <span class='ocrx_word' id='word_1_74' title='bbox 2097 748 2144 796; x_wconf 95' lang='lat' dir='ltr'>P.</span> <span class='ocrx_word' id='word_1_75' title='bbox 2156 749 2192 796; x_wconf 91' lang='grc' dir='ltr'>Ι.</span> <span class='ocrx_word' id='word_1_76' title='bbox 2235 750 2322 796; x_wconf 88' lang='grc' dir='ltr'>Βο-</span> 
     </span>
     <span class='ocr_line' id='line_1_10' title="bbox 265 825 541 877; baseline -0.014 -8"><span class='ocrx_word' id='word_1_77' title='bbox 265 836 378 869; x_wconf 84' lang='lat' dir='ltr'>non.</span> <span class='ocrx_word' id='word_1_78' title='bbox 405 825 541 877; x_wconf 87' lang='lat'><em>1767.</em></span> 
     </span>
    </p>
   </div>
   <div class='ocr_carea' id='block_1_7' title="bbox 264 890 2381 1213">
    <p class='ocr_par' dir='ltr' id='par_1_7' title="bbox 264 890 2381 1213">
     <span class='ocr_line' id='line_1_11' title="bbox 392 890 2320 957; baseline -0.003 -9"><span class='ocrx_word' id='word_1_79' title='bbox 392 898 604 957; x_wconf 83' lang='lat' dir='ltr'>Francisci</span> <span class='ocrx_word' id='word_1_80' title='bbox 631 899 846 944; x_wconf 71' lang='lat' dir='ltr'>BIBJENA</span> <span class='ocrx_word' id='word_1_81' title='bbox 880 893 933 939; x_wconf 89' lang='lat' dir='ltr'>de</span> <span class='ocrx_word' id='word_1_82' title='bbox 960 891 1209 952; x_wconf 50' lang='lat' dir='ltr'>bombycis*</span> <span class='ocrx_word' id='word_1_83' title='bbox 1232 902 1469 943; x_wconf 83' lang='lat' dir='ltr'>anatome,</span> <span class='ocrx_word' id='word_1_84' title='bbox 1517 890 1713 939; x_wconf 85' lang='lat' dir='ltr'>vasculis</span> <span class='ocrx_word' id='word_1_85' title='bbox 1750 891 1986 940; x_wconf 86' lang='lat' dir='ltr'>sericiferis</span> <span class='ocrx_word' id='word_1_86' title='bbox 2008 928 2019 947; x_wconf 91' lang='lat'>‚</span> <span class='ocrx_word' id='word_1_87' title='bbox 2056 894 2228 955; x_wconf 87' lang='lat' dir='ltr'>duplici</span> <span class='ocrx_word' id='word_1_88' title='bbox 2256 893 2320 942; x_wconf 85' lang='lat' dir='ltr'>se-</span> 
     </span>
     <span class='ocr_line' id='line_1_12' title="bbox 266 955 2381 1020; baseline -0.003 -8"><span class='ocrx_word' id='word_1_89' title='bbox 266 965 351 1014; x_wconf 82' lang='lat' dir='ltr'>rici</span> <span class='ocrx_word' id='word_1_90' title='bbox 388 966 584 1011; x_wconf 78' lang='lat' dir='ltr'>materie.</span> <span class='ocrx_word' id='word_1_91' title='bbox 652 959 870 1007; x_wconf 87' lang='lat' dir='ltr'>Intestina</span> <span class='ocrx_word' id='word_1_92' title='bbox 912 956 1136 1004; x_wconf 87' lang='lat' dir='ltr'>nascentis</span> <span class='ocrx_word' id='word_1_93' title='bbox 1167 955 1410 1016; x_wconf 80' lang='lat' dir='ltr'>papilionis</span> <span class='ocrx_word' id='word_1_94' title='bbox 1455 955 1685 1003; x_wconf 84' lang='lat' dir='ltr'>internam</span> <span class='ocrx_word' id='word_1_95' title='bbox 1728 958 2036 1004; x_wconf 82' lang='lat' dir='ltr'><strong>membranam</strong></span> <span class='ocrx_word' id='word_1_96' title='bbox 2069 959 2319 1020; x_wconf 86' lang='lat' dir='ltr'>dejiciunt,</span> <span class='ocrx_word' id='word_1_97' title='bbox 2377 965 2381 968; x_wconf 87' lang='grc'><strong>’</strong></span> 
     </span>
     <span class='ocr_line' id='line_1_13' title="bbox 268 1020 2319 1088; baseline -0.003 -13"><span class='ocrx_word' id='word_1_98' title='bbox 268 1045 369 1088; x_wconf 86' lang='lat' dir='ltr'>quae</span> <span class='ocrx_word' id='word_1_99' title='bbox 404 1026 456 1074; x_wconf 81' lang='lat' dir='ltr'>fit</span> <span class='ocrx_word' id='word_1_100' title='bbox 487 1043 587 1087; x_wconf 87' lang='lat' dir='ltr'>pars</span> <span class='ocrx_word' id='word_1_101' title='bbox 623 1022 921 1085; x_wconf 88' lang='lat' dir='ltr'>epidermidis.</span> <span class='ocrx_word' id='word_1_102' title='bbox 992 1022 1159 1067; x_wconf 90' lang='lat' dir='ltr'>Succus</span> <span class='ocrx_word' id='word_1_103' title='bbox 1197 1020 1444 1071; x_wconf 76' lang='lat' dir='ltr'>alcalinUS,</span> <span class='ocrx_word' id='word_1_104' title='bbox 1481 1035 1573 1078; x_wconf 89' lang='lat' dir='ltr'>quo</span> <span class='ocrx_word' id='word_1_105' title='bbox 1610 1021 1778 1066; x_wconf 86' lang='lat' dir='ltr'>animal</span> <span class='ocrx_word' id='word_1_106' title='bbox 1820 1022 1953 1067; x_wconf 87' lang='lat' dir='ltr'>telam</span> <span class='ocrx_word' id='word_1_107' title='bbox 1990 1020 2114 1068; x_wconf 84' lang='lat' dir='ltr'>suam</span> <span class='ocrx_word' id='word_1_108' title='bbox 2157 1023 2319 1070; x_wconf 87' lang='lat' dir='ltr'>erodit.</span> 
     </span>
     <span class='ocr_line' id='line_1_14' title="bbox 265 1081 2323 1147; baseline -0.004 -8"><span class='ocrx_word' id='word_1_109' title='bbox 265 1093 464 1139; x_wconf 84' lang='lat' dir='ltr'>Interior</span> <span class='ocrx_word' id='word_1_110' title='bbox 500 1091 636 1136; x_wconf 83' lang='lat' dir='ltr'>etiam</span> <span class='ocrx_word' id='word_1_111' title='bbox 670 1086 930 1133; x_wconf 81' lang='lat' dir='ltr'>membrana</span> <span class='ocrx_word' id='word_1_112' title='bbox 955 1083 1240 1129; x_wconf 88' lang='lat' dir='ltr'>trachearum</span> <span class='ocrx_word' id='word_1_113' title='bbox 1279 1081 1470 1128; x_wconf 85' lang='lat' dir='ltr'>decedit.</span> <span class='ocrx_word' id='word_1_114' title='bbox 1549 1084 1754 1130; x_wconf 80' lang='lat' dir='ltr'>Medulla</span> <span class='ocrx_word' id='word_1_115' title='bbox 1783 1082 1967 1144; x_wconf 84' lang='lat' dir='ltr'>spinalis</span> <span class='ocrx_word' id='word_1_116' title='bbox 1997 1085 2048 1131; x_wconf 93' lang='lat' dir='ltr'>in</span> <span class='ocrx_word' id='word_1_117' title='bbox 2074 1085 2323 1147; x_wconf 84' lang='lat' dir='ltr'>chrysalide</span> 
     </span>
     <span class='ocr_line' id='line_1_15' title="bbox 264 1146 2127 1213; baseline -0.003 -12"><span class='ocrx_word' id='word_1_118' title='bbox 264 1154 441 1201; x_wconf 81' lang='lat' dir='ltr'>oscillat</span> <span class='ocrx_word' id='word_1_119' title='bbox 469 1155 608 1213; x_wconf 90' lang='lat' dir='ltr'>inque</span> <span class='ocrx_word' id='word_1_120' title='bbox 637 1151 879 1212; x_wconf 80' lang='lat' dir='ltr'>papilione.</span> <span class='ocrx_word' id='word_1_121' title='bbox 948 1148 1107 1207; x_wconf 86' lang='lat' dir='ltr'>Capite</span> <span class='ocrx_word' id='word_1_122' title='bbox 1133 1146 1402 1192; x_wconf 89' lang='lat' dir='ltr'>detruncato</span> <span class='ocrx_word' id='word_1_123' title='bbox 1430 1162 1524 1194; x_wconf 91' lang='lat' dir='ltr'>mas</span> <span class='ocrx_word' id='word_1_124' title='bbox 1552 1146 1768 1194; x_wconf 82' lang='lat' dir='ltr'>feminam</span> <span class='ocrx_word' id='word_1_125' title='bbox 1796 1149 2127 1209; x_wconf 76' lang='lat' dir='ltr'>impraegnavit.</span> 
     </span>
    </p>
   </div>
   <div class='ocr_carea' id='block_1_8' title="bbox 399 1226 2068 1293">
    <p class='ocr_par' dir='ltr' id='par_1_8' title="bbox 399 1226 2068 1293">
     <span class='ocr_line' id='line_1_16' title="bbox 399 1226 2068 1293; baseline -0.004 -10"><span class='ocrx_word' id='word_1_126' title='bbox 399 1236 624 1293; x_wconf 79' lang='lat' dir='ltr'>Cajetanus</span> <span class='ocrx_word' id='word_1_127' title='bbox 654 1235 835 1280; x_wconf 81' lang='lat' dir='ltr'>MONTI</span> <span class='ocrx_word' id='word_1_128' title='bbox 865 1229 917 1276; x_wconf 91' lang='lat' dir='ltr'>de</span> <span class='ocrx_word' id='word_1_129' title='bbox 948 1245 1107 1281; x_wconf 83' lang='lat' dir='ltr'>eruca,</span> <span class='ocrx_word' id='word_1_130' title='bbox 1138 1228 1268 1289; x_wconf 77' lang='lat' dir='ltr'>cujus</span> <span class='ocrx_word' id='word_1_131' title='bbox 1293 1228 1460 1288; x_wconf 88' lang='lat' dir='ltr'>papilio</span> <span class='ocrx_word' id='word_1_132' title='bbox 1486 1226 1655 1275; x_wconf 89' lang='lat' dir='ltr'>femina</span> <span class='ocrx_word' id='word_1_133' title='bbox 1682 1229 1762 1275; x_wconf 91' lang='lat' dir='ltr'>alis</span> <span class='ocrx_word' id='word_1_134' title='bbox 1791 1228 2068 1278; x_wconf 87' lang='lat' dir='ltr'>destituitur.</span> 
     </span>
    </p>
   </div>
   <div class='ocr_carea' id='block_1_9' title="bbox 267 1309 2324 1508">
    <p class='ocr_par' dir='ltr' id='par_1_9' title="bbox 267 1309 2324 1508">
     <span class='ocr_line' id='line_1_17' title="bbox 392 1309 2323 1374; baseline -0.003 -10"><span class='ocrx_word' id='word_1_135' title='bbox 392 1319 447 1364; x_wconf 93' lang='lat' dir='ltr'>In</span> <span class='ocrx_word' id='word_1_136' title='bbox 473 1318 520 1363; x_wconf 92' lang='lat' dir='ltr'>P.</span> <span class='ocrx_word' id='word_1_137' title='bbox 541 1317 630 1369; x_wconf 73' lang='lat'>11..</span> <span class='ocrx_word' id='word_1_138' title='bbox 668 1330 768 1374; x_wconf 79' lang='lat' dir='ltr'>quae</span> <span class='ocrx_word' id='word_1_139' title='bbox 798 1311 957 1358; x_wconf 86' lang='lat' dir='ltr'>eodem</span> <span class='ocrx_word' id='word_1_140' title='bbox 994 1326 1115 1356; x_wconf 90' lang='lat' dir='ltr'>anno</span> <span class='ocrx_word' id='word_1_141' title='bbox 1150 1309 1347 1370; x_wconf 87' lang='lat' dir='ltr'>prodiit,</span> <span class='ocrx_word' id='word_1_142' title='bbox 1383 1309 1577 1370; x_wconf 81' lang='lat' dir='ltr'>Aloyfius</span> <span class='ocrx_word' id='word_1_143' title='bbox 1602 1312 1834 1357; x_wconf 82' lang='lat' dir='ltr'>GALEANl</span> <span class='ocrx_word' id='word_1_144' title='bbox 1873 1311 1927 1356; x_wconf 91' lang='lat' dir='ltr'>de</span> <span class='ocrx_word' id='word_1_145' title='bbox 1963 1311 2133 1358; x_wconf 83' lang='lat' dir='ltr'>fabrica</span> <span class='ocrx_word' id='word_1_146' title='bbox 2158 1328 2323 1359; x_wconf 89' lang='lat' dir='ltr'>renum</span> 
     </span>
     <span class='ocr_line' id='line_1_18' title="bbox 268 1372 2324 1440; baseline -0.01 -9"><span class='ocrx_word' id='word_1_147' title='bbox 268 1384 318 1432; x_wconf 89' lang='lat' dir='ltr'>in</span> <span class='ocrx_word' id='word_1_148' title='bbox 342 1382 534 1433; x_wconf 81' lang='lat' dir='ltr'>avibus3</span> <span class='ocrx_word' id='word_1_149' title='bbox 574 1396 673 1440; x_wconf 85' lang='lat' dir='ltr'>quae</span> <span class='ocrx_word' id='word_1_150' title='bbox 700 1377 790 1424; x_wconf 88' lang='lat' dir='ltr'>fere</span> <span class='ocrx_word' id='word_1_151' title='bbox 820 1376 876 1421; x_wconf 90' lang='lat' dir='ltr'>ad</span> <span class='ocrx_word' id='word_1_152' title='bbox 901 1374 1099 1421; x_wconf 88' lang='lat' dir='ltr'>bubulos</span> <span class='ocrx_word' id='word_1_153' title='bbox 1125 1390 1255 1420; x_wconf 89' lang='lat' dir='ltr'>renes</span> <span class='ocrx_word' id='word_1_154' title='bbox 1283 1372 1470 1420; x_wconf 86' lang='lat' dir='ltr'>accedit.</span> <span class='ocrx_word' id='word_1_155' title='bbox 1555 1376 1740 1422; x_wconf 83' lang='lat' dir='ltr'>Motum</span> <span class='ocrx_word' id='word_1_156' title='bbox 1768 1375 1818 1421; x_wconf 77' lang='lat' dir='ltr'>in</span> <span class='ocrx_word' id='word_1_157' title='bbox 1850 1374 2061 1422; x_wconf 70' lang='lat' dir='ltr'>dufflbus</span> <span class='ocrx_word' id='word_1_158' title='bbox 2092 1375 2324 1423; x_wconf 66' lang='lat' dir='ltr'>usmiferjs</span> 
     </span>
     <span class='ocr_line' id='line_1_19' title="bbox 267 1442 751 1508; baseline -0.012 -14"><span class='ocrx_word' id='word_1_159' title='bbox 267 1443 593 1508; x_wconf 85' lang='lat' dir='ltr'>progreffivum</span> <span class='ocrx_word' id='word_1_160' title='bbox 620 1442 751 1489; x_wconf 82' lang='lat' dir='ltr'>vidit.</span> 
     </span>
    </p>
   </div>
   <div class='ocr_carea' id='block_1_10' title="bbox 269 1518 2326 1716">
    <p class='ocr_par' dir='ltr' id='par_1_10' title="bbox 269 1518 2326 1716">
     <span class='ocr_line' id='line_1_20' title="bbox 401 1518 2326 1589; baseline -0.004 -16"><span class='ocrx_word' id='word_1_161' title='bbox 401 1528 440 1589; x_wconf 87' lang='lat' dir='ltr'>J.</span> <span class='ocrx_word' id='word_1_162' title='bbox 463 1524 511 1575; x_wconf 89' lang='grc' dir='ltr'>Β.</span> <span class='ocrx_word' id='word_1_163' title='bbox 542 1527 799 1574; x_wconf 84' lang='lat' dir='ltr'>SCARELLA</span> <span class='ocrx_word' id='word_1_164' title='bbox 831 1522 884 1569; x_wconf 85' lang='lat' dir='ltr'>de</span> <span class='ocrx_word' id='word_1_165' title='bbox 915 1520 1015 1570; x_wconf 78' lang='lat' dir='ltr'>visu</span> <span class='ocrx_word' id='word_1_166' title='bbox 1043 1520 1214 1568; x_wconf 63' lang='lat' dir='ltr'>directo</span> <span class='ocrx_word' id='word_1_167' title='bbox 1252 1519 1418 1567; x_wconf 74' lang='lat' dir='ltr'>reflexo</span> <span class='ocrx_word' id='word_1_168' title='bbox 1451 1523 1493 1567; x_wconf 89' lang='lat'>&amp;</span> <span class='ocrx_word' id='word_1_169' title='bbox 1531 1518 1737 1567; x_wconf 60' lang='lat' dir='ltr'>refracto.</span> <span class='ocrx_word' id='word_1_170' title='bbox 1808 1521 2065 1582; x_wconf 77' lang='lat' dir='ltr'>Conjungit</span> <span class='ocrx_word' id='word_1_171' title='bbox 2092 1520 2147 1566; x_wconf 91' lang='lat' dir='ltr'>ad</span> <span class='ocrx_word' id='word_1_172' title='bbox 2177 1532 2326 1567; x_wconf 87' lang='lat' dir='ltr'>muta-</span> 
     </span>
     <span class='ocr_line' id='line_1_21' title="bbox 269 1584 2320 1647; baseline -0.004 -8"><span class='ocrx_word' id='word_1_173' title='bbox 269 1604 338 1639; x_wconf 85' lang='lat' dir='ltr'>tas</span> <span class='ocrx_word' id='word_1_174' title='bbox 372 1591 600 1638; x_wconf 87' lang='lat' dir='ltr'>distantias</span> <span class='ocrx_word' id='word_1_175' title='bbox 635 1600 855 1634; x_wconf 87' lang='lat' dir='ltr'>mutatam</span> <span class='ocrx_word' id='word_1_176' title='bbox 895 1586 1090 1647; x_wconf 80' lang='lat' dir='ltr'>figuram</span> <span class='ocrx_word' id='word_1_177' title='bbox 1121 1584 1243 1630; x_wconf 89' lang='lat' dir='ltr'>oculi</span> <span class='ocrx_word' id='word_1_178' title='bbox 1278 1586 1477 1638; x_wconf 85' lang='lat' dir='ltr'>interni,</span> <span class='ocrx_word' id='word_1_179' title='bbox 1527 1587 1569 1631; x_wconf 69' lang='grc' dir='ltr'><strong>ἃ</strong></span> <span class='ocrx_word' id='word_1_180' title='bbox 1607 1595 1831 1631; x_wconf 83' lang='lat' dir='ltr'>mutatam</span> <span class='ocrx_word' id='word_1_181' title='bbox 1869 1585 1995 1631; x_wconf 90' lang='lat' dir='ltr'>iridis</span> <span class='ocrx_word' id='word_1_182' title='bbox 2031 1585 2320 1631; x_wconf 81' lang='lat' dir='ltr'>diametrum.</span> 
     </span>
     <span class='ocr_line' id='line_1_22' title="bbox 269 1649 1589 1716; baseline -0.007 -13"><span class='ocrx_word' id='word_1_183' title='bbox 269 1657 384 1704; x_wconf 78' lang='lat' dir='ltr'>Satis</span> <span class='ocrx_word' id='word_1_184' title='bbox 413 1652 670 1716; x_wconf 87' lang='lat' dir='ltr'>persuasum</span> <span class='ocrx_word' id='word_1_185' title='bbox 703 1650 782 1712; x_wconf 89' lang='lat' dir='ltr'>ipfi</span> <span class='ocrx_word' id='word_1_186' title='bbox 809 1651 1005 1703; x_wconf 88' lang='lat' dir='ltr'>videtur,</span> <span class='ocrx_word' id='word_1_187' title='bbox 1034 1665 1120 1695; x_wconf 91' lang='lat' dir='ltr'>nos</span> <span class='ocrx_word' id='word_1_188' title='bbox 1148 1649 1287 1694; x_wconf 90' lang='lat' dir='ltr'>unico</span> <span class='ocrx_word' id='word_1_189' title='bbox 1313 1650 1448 1695; x_wconf 87' lang='lat' dir='ltr'>oculo</span> <span class='ocrx_word' id='word_1_190' title='bbox 1474 1650 1558 1695; x_wconf 87' lang='lat' dir='ltr'>uti.</span> <span class='ocrx_word' id='word_1_191' title='bbox 1586 1708 1589 1711; x_wconf 14' lang='grc' dir='ltr'><strong>ἱ</strong></span> 
     </span>
    </p>
   </div>
   <div class='ocr_carea' id='block_1_11' title="bbox 272 1728 2327 2239">
    <p class='ocr_par' dir='ltr' id='par_1_11' title="bbox 272 1728 2327 2239">
     <span class='ocr_line' id='line_1_23' title="bbox 398 1728 2327 1797; baseline -0.004 -14"><span class='ocrx_word' id='word_1_192' title='bbox 398 1737 474 1797; x_wconf 86' lang='lat' dir='ltr'>EJ.</span> <span class='ocrx_word' id='word_1_193' title='bbox 517 1737 851 1783; x_wconf 77' lang='lat' dir='ltr'>Commentarius</span> <span class='ocrx_word' id='word_1_194' title='bbox 872 1732 980 1778; x_wconf 90' lang='lat' dir='ltr'>XII.</span> <span class='ocrx_word' id='word_1_195' title='bbox 1021 1730 1072 1776; x_wconf 87' lang='lat' dir='ltr'>de</span> <span class='ocrx_word' id='word_1_196' title='bbox 1101 1729 1225 1776; x_wconf 79' lang='lat' dir='ltr'>rebus</span> <span class='ocrx_word' id='word_1_197' title='bbox 1260 1729 1320 1775; x_wconf 69' lang='lat' dir='ltr'>ad</span> <span class='ocrx_word' id='word_1_198' title='bbox 1343 1729 1567 1789; x_wconf 78' lang='lat' dir='ltr'>scientiam</span> <span class='ocrx_word' id='word_1_199' title='bbox 1600 1730 1843 1776; x_wconf 79' lang='lat' dir='ltr'>naturalem</span> <span class='ocrx_word' id='word_1_200' title='bbox 1858 1728 2120 1790; x_wconf 82' lang='lat' dir='ltr'>facientibus</span> <span class='ocrx_word' id='word_1_201' title='bbox 2165 1729 2327 1776; x_wconf 66' lang='lat' dir='ltr'>Brixiae</span> 
     </span>
     <span class='ocr_line' id='line_1_24' title="bbox 274 1793 2327 1860; baseline -0.004 -12"><span class='ocrx_word' id='word_1_202' title='bbox 274 1807 412 1860; x_wconf 83' lang='lat'>1766.</span> <span class='ocrx_word' id='word_1_203' title='bbox 440 1798 519 1859; x_wconf 81' lang='lat'>4.*</span> <span class='ocrx_word' id='word_1_204' title='bbox 585 1799 749 1857; x_wconf 86' lang='lat' dir='ltr'>Aliqua</span> <span class='ocrx_word' id='word_1_205' title='bbox 768 1797 889 1842; x_wconf 90' lang='lat' dir='ltr'>oculi</span> <span class='ocrx_word' id='word_1_206' title='bbox 905 1807 1128 1841; x_wconf 88' lang='lat' dir='ltr'>anatome.</span> <span class='ocrx_word' id='word_1_207' title='bbox 1199 1793 1354 1840; x_wconf 80' lang='lat' dir='ltr'>Fibras</span> <span class='ocrx_word' id='word_1_208' title='bbox 1374 1796 1616 1853; x_wconf 87' lang='lat' dir='ltr'>utriusque</span> <span class='ocrx_word' id='word_1_209' title='bbox 1643 1797 1817 1853; x_wconf 79' lang='lat' dir='ltr'>generis</span> <span class='ocrx_word' id='word_1_210' title='bbox 1846 1793 1949 1840; x_wconf 74' lang='lat' dir='ltr'>iridi</span> <span class='ocrx_word' id='word_1_211' title='bbox 1976 1793 2153 1840; x_wconf 84' lang='lat' dir='ltr'>tribuit.</span> <span class='ocrx_word' id='word_1_212' title='bbox 2192 1794 2327 1840; x_wconf 85' lang='lat' dir='ltr'>Num</span> 
     </span>
     <span class='ocr_line' id='line_1_25' title="bbox 272 1855 2324 1922; baseline -0.004 -11"><span class='ocrx_word' id='word_1_213' title='bbox 272 1882 330 1911; x_wconf 77' lang='lat' dir='ltr'>ex</span> <span class='ocrx_word' id='word_1_214' title='bbox 365 1863 458 1911; x_wconf 90' lang='lat' dir='ltr'>solo</span> <span class='ocrx_word' id='word_1_215' title='bbox 496 1863 805 1922; x_wconf 83' lang='lat' dir='ltr'>experimento</span> <span class='ocrx_word' id='word_1_216' title='bbox 839 1859 960 1905; x_wconf 63' lang='lat' dir='ltr'>docti</span> <span class='ocrx_word' id='word_1_217' title='bbox 995 1858 1049 1904; x_wconf 88' lang='lat' dir='ltr'>de</span> <span class='ocrx_word' id='word_1_218' title='bbox 1080 1856 1396 1917; x_wconf 83' lang='lat' dir='ltr'>magnitudine</span> <span class='ocrx_word' id='word_1_219' title='bbox 1429 1860 1510 1904; x_wconf 67' lang='lat' dir='ltr'>Sco.</span> <span class='ocrx_word' id='word_1_220' title='bbox 1542 1858 1814 1917; x_wconf 75' lang='lat' dir='ltr'>judicemus.</span> <span class='ocrx_word' id='word_1_221' title='bbox 1884 1858 1996 1903; x_wconf 91' lang='lat' dir='ltr'>Non</span> <span class='ocrx_word' id='word_1_222' title='bbox 2024 1855 2120 1903; x_wconf 85' lang='lat' dir='ltr'>solo</span> <span class='ocrx_word' id='word_1_223' title='bbox 2147 1859 2196 1903; x_wconf 88' lang='lat' dir='ltr'>in</span> <span class='ocrx_word' id='word_1_224' title='bbox 2231 1855 2324 1903; x_wconf 86' lang='lat' dir='ltr'>fine</span> 
     </span>
     <span class='ocr_line' id='line_1_26' title="bbox 274 1918 2325 1988; baseline -0.004 -14"><span class='ocrx_word' id='word_1_225' title='bbox 274 1928 416 1988; x_wconf 86' lang='lat' dir='ltr'>optici</span> <span class='ocrx_word' id='word_1_226' title='bbox 447 1929 541 1973; x_wconf 81' lang='lat' dir='ltr'>axis</span> <span class='ocrx_word' id='word_1_227' title='bbox 568 1942 652 1971; x_wconf 82' lang='lat' dir='ltr'>nos</span> <span class='ocrx_word' id='word_1_228' title='bbox 679 1924 832 1971; x_wconf 86' lang='lat' dir='ltr'>videre</span> <span class='ocrx_word' id='word_1_229' title='bbox 851 1958 862 1976; x_wconf 89' lang='lat'><strong>‚</strong></span> <span class='ocrx_word' id='word_1_230' title='bbox 917 1925 958 1968; x_wconf 83' lang='lat'>&amp;</span> <span class='ocrx_word' id='word_1_231' title='bbox 996 1921 1145 1968; x_wconf 88' lang='lat' dir='ltr'>radios</span> <span class='ocrx_word' id='word_1_232' title='bbox 1184 1919 1396 1981; x_wconf 85' lang='lat' dir='ltr'>obliquos</span> <span class='ocrx_word' id='word_1_233' title='bbox 1429 1922 1561 1967; x_wconf 87' lang='lat' dir='ltr'>etiam</span> <span class='ocrx_word' id='word_1_234' title='bbox 1588 1920 1704 1967; x_wconf 81' lang='lat' dir='ltr'>visui</span> <span class='ocrx_word' id='word_1_235' title='bbox 1738 1921 1812 1968; x_wconf 83' lang='lat' dir='ltr'>sed</span> <span class='ocrx_word' id='word_1_236' title='bbox 1842 1919 2074 1967; x_wconf 82' lang='lat' dir='ltr'>obscurius</span> <span class='ocrx_word' id='word_1_237' title='bbox 2106 1918 2325 1967; x_wconf 85' lang='lat' dir='ltr'>conferre.</span> 
     </span>
     <span class='ocr_line' id='line_1_27' title="bbox 277 1982 2324 2046; baseline -0.005 -8"><span class='ocrx_word' id='word_1_238' title='bbox 277 1994 316 2039; x_wconf 88' lang='lat' dir='ltr'><strong>A</strong></span> <span class='ocrx_word' id='word_1_239' title='bbox 341 1992 485 2038; x_wconf 86' lang='lat' dir='ltr'>veloci</span> <span class='ocrx_word' id='word_1_240' title='bbox 505 2002 635 2036; x_wconf 85' lang='lat' dir='ltr'>motu</span> <span class='ocrx_word' id='word_1_241' title='bbox 668 1990 813 2041; x_wconf 85' lang='lat' dir='ltr'>oculi,</span> <span class='ocrx_word' id='word_1_242' title='bbox 851 1987 907 2032; x_wconf 85' lang='lat' dir='ltr'>ad</span> <span class='ocrx_word' id='word_1_243' title='bbox 931 1989 1099 2046; x_wconf 64' lang='lat' dir='ltr'>puncta</span> <span class='ocrx_word' id='word_1_244' title='bbox 1125 1982 1297 2043; x_wconf 82' lang='lat' dir='ltr'>fingula</span> <span class='ocrx_word' id='word_1_245' title='bbox 1322 1985 1490 2045; x_wconf 68' lang='lat' dir='ltr'>objedti</span> <span class='ocrx_word' id='word_1_246' title='bbox 1516 1984 1712 2032; x_wconf 83' lang='lat' dir='ltr'>videnda</span> <span class='ocrx_word' id='word_1_247' title='bbox 1741 1983 1941 2032; x_wconf 80' lang='lat' dir='ltr'>conversi</span> <span class='ocrx_word' id='word_1_248' title='bbox 1957 2018 1969 2037; x_wconf 88' lang='lat'>‚</span> <span class='ocrx_word' id='word_1_249' title='bbox 2008 1984 2061 2029; x_wconf 91' lang='lat' dir='ltr'>de</span> <span class='ocrx_word' id='word_1_250' title='bbox 2085 1986 2182 2044; x_wconf 88' lang='lat' dir='ltr'>ejus</span> <span class='ocrx_word' id='word_1_251' title='bbox 2202 2000 2324 2043; x_wconf 84' lang='lat' dir='ltr'>mag-</span> 
     </span>
     <span class='ocr_line' id='line_1_28' title="bbox 274 2046 2326 2114; baseline -0.005 -12"><span class='ocrx_word' id='word_1_252' title='bbox 274 2055 487 2102; x_wconf 83' lang='lat' dir='ltr'>nitudine</span> <span class='ocrx_word' id='word_1_253' title='bbox 510 2054 777 2114; x_wconf 86' lang='lat' dir='ltr'>judicamus.</span> <span class='ocrx_word' id='word_1_254' title='bbox 849 2052 1053 2097; x_wconf 86' lang='lat' dir='ltr'>Oculum</span> <span class='ocrx_word' id='word_1_255' title='bbox 1084 2049 1275 2093; x_wconf 89' lang='lat' dir='ltr'>omnino</span> <span class='ocrx_word' id='word_1_256' title='bbox 1302 2047 1468 2094; x_wconf 74' lang='lat' dir='ltr'>necesse</span> <span class='ocrx_word' id='word_1_257' title='bbox 1500 2046 1580 2095; x_wconf 81' lang='lat' dir='ltr'>effe</span> <span class='ocrx_word' id='word_1_258' title='bbox 1612 2052 1805 2102; x_wconf 86' lang='lat' dir='ltr'>mutari,</span> <span class='ocrx_word' id='word_1_259' title='bbox 1841 2049 1897 2094; x_wconf 88' lang='lat' dir='ltr'>ad</span> <span class='ocrx_word' id='word_1_260' title='bbox 1927 2060 2099 2094; x_wconf 88' lang='lat' dir='ltr'>remota</span> <span class='ocrx_word' id='word_1_261' title='bbox 2129 2046 2326 2094; x_wconf 84' lang='lat' dir='ltr'>videnda</span> 
     </span>
     <span class='ocr_line' id='line_1_29' title="bbox 276 2110 2324 2179; baseline -0.005 -13"><span class='ocrx_word' id='word_1_262' title='bbox 276 2122 319 2166; x_wconf 65' lang='grc' dir='ltr'><strong>ἃ</strong></span> <span class='ocrx_word' id='word_1_263' title='bbox 339 2118 564 2179; x_wconf 82' lang='lat' dir='ltr'>propiora.</span> <span class='ocrx_word' id='word_1_264' title='bbox 632 2117 701 2162; x_wconf 89' lang='lat' dir='ltr'>Ad</span> <span class='ocrx_word' id='word_1_265' title='bbox 722 2127 894 2161; x_wconf 82' lang='lat' dir='ltr'>remota</span> <span class='ocrx_word' id='word_1_266' title='bbox 919 2115 1079 2160; x_wconf 88' lang='lat' dir='ltr'>oculus</span> <span class='ocrx_word' id='word_1_267' title='bbox 1102 2110 1360 2158; x_wconf 80' lang='lat' dir='ltr'>antrorsum</span> <span class='ocrx_word' id='word_1_268' title='bbox 1386 2110 1530 2159; x_wconf 86' lang='lat' dir='ltr'>fertur</span> <span class='ocrx_word' id='word_1_269' title='bbox 1559 2114 1600 2159; x_wconf 88' lang='lat'>&amp;</span> <span class='ocrx_word' id='word_1_270' title='bbox 1627 2111 1671 2158; x_wconf 84' lang='lat' dir='ltr'>se</span> <span class='ocrx_word' id='word_1_271' title='bbox 1703 2113 1967 2173; x_wconf 82' lang='lat' dir='ltr'>exporrigit.</span> <span class='ocrx_word' id='word_1_272' title='bbox 2036 2111 2205 2158; x_wconf 88' lang='lat' dir='ltr'>Videre</span> <span class='ocrx_word' id='word_1_273' title='bbox 2238 2125 2324 2156; x_wconf 89' lang='lat' dir='ltr'>nos</span> 
     </span>
     <span class='ocr_line' id='line_1_30' title="bbox 272 2173 1926 2239; baseline -0.006 -8"><span class='ocrx_word' id='word_1_274' title='bbox 272 2185 323 2231; x_wconf 75' lang='lat' dir='ltr'>in</span> <span class='ocrx_word' id='word_1_275' title='bbox 347 2184 447 2230; x_wconf 89' lang='lat' dir='ltr'>loco</span> <span class='ocrx_word' id='word_1_276' title='bbox 469 2180 574 2228; x_wconf 89' lang='lat' dir='ltr'>finis</span> <span class='ocrx_word' id='word_1_277' title='bbox 598 2180 691 2226; x_wconf 84' lang='lat' dir='ltr'>axis</span> <span class='ocrx_word' id='word_1_278' title='bbox 716 2179 855 2239; x_wconf 89' lang='lat' dir='ltr'>optici</span> <span class='ocrx_word' id='word_1_279' title='bbox 884 2178 1054 2225; x_wconf 87' lang='lat' dir='ltr'>vicino.</span> <span class='ocrx_word' id='word_1_280' title='bbox 1126 2173 1393 2225; x_wconf 82' lang='lat' dir='ltr'>Debuiffent</span> <span class='ocrx_word' id='word_1_281' title='bbox 1418 2174 1513 2223; x_wconf 77' lang='lat' dir='ltr'>haec</span> <span class='ocrx_word' id='word_1_282' title='bbox 1538 2177 1649 2237; x_wconf 91' lang='lat' dir='ltr'>poni</span> <span class='ocrx_word' id='word_1_283' title='bbox 1672 2177 1726 2223; x_wconf 90' lang='lat' dir='ltr'>ad</span> <span class='ocrx_word' id='word_1_284' title='bbox 1751 2194 1793 2236; x_wconf 89' lang='lat' dir='ltr'>p.</span> <span class='ocrx_word' id='word_1_285' title='bbox 1817 2188 1926 2234; x_wconf 80' lang='lat'>443.</span> 
     </span>
    </p>
   </div>
   <div class='ocr_carea' id='block_1_12' title="bbox 274 2253 2336 2453">
    <p class='ocr_par' dir='ltr' id='par_1_12' title="bbox 274 2253 2336 2453">
     <span class='ocr_line' id='line_1_31' title="bbox 399 2253 2336 2321; baseline -0.006 -12"><span class='ocrx_word' id='word_1_286' title='bbox 399 2266 502 2309; x_wconf 82' lang='lat' dir='ltr'>Atti</span> <span class='ocrx_word' id='word_1_287' title='bbox 533 2261 625 2307; x_wconf 76' lang='lat' dir='ltr'>dell’</span> <span class='ocrx_word' id='word_1_288' title='bbox 650 2260 885 2307; x_wconf 80' lang='lat' dir='ltr'>Academia</span> <span class='ocrx_word' id='word_1_289' title='bbox 920 2259 1021 2306; x_wconf 81' lang='lat' dir='ltr'>delle</span> <span class='ocrx_word' id='word_1_290' title='bbox 1047 2258 1213 2317; x_wconf 73' lang='lat' dir='ltr'>scienze</span> <span class='ocrx_word' id='word_1_291' title='bbox 1242 2256 1362 2303; x_wconf 81' lang='lat' dir='ltr'>detta</span> <span class='ocrx_word' id='word_1_292' title='bbox 1386 2257 1438 2304; x_wconf 85' lang='lat' dir='ltr'>de</span> <span class='ocrx_word' id='word_1_293' title='bbox 1456 2258 1575 2321; x_wconf 85' lang='lat' dir='ltr'>flfico</span> <span class='ocrx_word' id='word_1_294' title='bbox 1601 2257 1771 2305; x_wconf 76' lang='lat' dir='ltr'>criticln·</span> <span class='ocrx_word' id='word_1_295' title='bbox 1794 2259 1847 2304; x_wconf 90' lang='lat' dir='ltr'>T.</span> <span class='ocrx_word' id='word_1_296' title='bbox 1871 2257 1951 2303; x_wconf 88' lang='grc' dir='ltr'>ΠΙ.</span> <span class='ocrx_word' id='word_1_297' title='bbox 2018 2253 2170 2317; x_wconf 74' lang='lat' dir='ltr'>Jofhph</span> <span class='ocrx_word' id='word_1_298' title='bbox 2208 2255 2336 2302; x_wconf 61' lang='lat' dir='ltr'>BAL-</span> 
     </span>
     <span class='ocr_line' id='line_1_32' title="bbox 274 2317 2326 2380; baseline -0.005 -4"><span class='ocrx_word' id='word_1_299' title='bbox 274 2341 484 2378; x_wconf 76' lang='lat' dir='ltr'>DAssAR1</span> <span class='ocrx_word' id='word_1_300' title='bbox 514 2326 568 2372; x_wconf 91' lang='lat' dir='ltr'>de</span> <span class='ocrx_word' id='word_1_301' title='bbox 596 2325 708 2371; x_wconf 87' lang='lat' dir='ltr'>mira</span> <span class='ocrx_word' id='word_1_302' title='bbox 727 2322 895 2370; x_wconf 84' lang='lat' dir='ltr'>fabrica</span> <span class='ocrx_word' id='word_1_303' title='bbox 919 2322 1114 2369; x_wconf 74' lang='lat' dir='ltr'>maxillae</span> <span class='ocrx_word' id='word_1_304' title='bbox 1138 2321 1371 2375; x_wconf 81' lang='lat' dir='ltr'>animalis,</span> <span class='ocrx_word' id='word_1_305' title='bbox 1407 2333 1459 2368; x_wconf 84' lang='lat' dir='ltr'>ut</span> <span class='ocrx_word' id='word_1_306' title='bbox 1478 2323 1685 2375; x_wconf 86' lang='lat' dir='ltr'>videtur,</span> <span class='ocrx_word' id='word_1_307' title='bbox 1722 2321 1913 2374; x_wconf 84' lang='lat' dir='ltr'>marini,</span> <span class='ocrx_word' id='word_1_308' title='bbox 1949 2320 2000 2366; x_wconf 88' lang='lat' dir='ltr'>in</span> <span class='ocrx_word' id='word_1_309' title='bbox 2019 2317 2199 2368; x_wconf 77' lang='lat' dir='ltr'>Senensi</span> <span class='ocrx_word' id='word_1_310' title='bbox 2218 2335 2326 2380; x_wconf 82' lang='lat' dir='ltr'>agro</span> 
     </span>
     <span class='ocr_line' id='line_1_33' title="bbox 274 2403 476 2453; baseline -0.02 -11"><span class='ocrx_word' id='word_1_311' title='bbox 274 2403 476 2453; x_wconf 67' lang='lat' dir='ltr'>tepertae.</span> 
     </span>
    </p>
   </div>
   <div class='ocr_carea' id='block_1_13' title="bbox 400 2468 1670 2529">
    <p class='ocr_par' dir='ltr' id='par_1_13' title="bbox 400 2468 1670 2529">
     <span class='ocr_line' id='line_1_34' title="bbox 400 2468 1670 2529; baseline -0.004 -8"><span class='ocrx_word' id='word_1_312' title='bbox 400 2474 491 2522; x_wconf 87' lang='lat' dir='ltr'>Hic</span> <span class='ocrx_word' id='word_1_313' title='bbox 513 2472 561 2519; x_wconf 89' lang='lat' dir='ltr'>P.</span> <span class='ocrx_word' id='word_1_314' title='bbox 582 2472 908 2522; x_wconf 77' lang='lat' dir='ltr'>TABARRANI,</span> <span class='ocrx_word' id='word_1_315' title='bbox 948 2486 1055 2529; x_wconf 82' lang='lat' dir='ltr'>quas</span> <span class='ocrx_word' id='word_1_316' title='bbox 1083 2468 1297 2521; x_wconf 80' lang='lat' dir='ltr'>diximus,</span> <span class='ocrx_word' id='word_1_317' title='bbox 1333 2468 1670 2516; x_wconf 87' lang='lat' dir='ltr'>adnotationes.</span> 
     </span>
    </p>
   </div>
   <div class='ocr_carea' id='block_1_14' title="bbox 278 2540 2323 2666">
    <p class='ocr_par' dir='ltr' id='par_1_14' title="bbox 278 2540 2323 2666">
     <span class='ocr_line' id='line_1_35' title="bbox 393 2540 2323 2613; baseline -0.005 -13"><span class='ocrx_word' id='word_1_318' title='bbox 393 2555 451 2600; x_wconf 87' lang='lat' dir='ltr'>In</span> <span class='ocrx_word' id='word_1_319' title='bbox 473 2558 525 2600; x_wconf 88' lang='lat' dir='ltr'>K.</span> <span class='ocrx_word' id='word_1_320' title='bbox 553 2540 748 2613; x_wconf 67' lang='lat' dir='ltr'>Swenskct</span> <span class='ocrx_word' id='word_1_321' title='bbox 779 2542 991 2610; x_wconf 67' lang='lat' dir='ltr'>Wetenslz.</span> <span class='ocrx_word' id='word_1_322' title='bbox 1016 2550 1255 2612; x_wconf 80' lang='lat' dir='ltr'>Handling.</span> <span class='ocrx_word' id='word_1_323' title='bbox 1279 2550 1335 2597; x_wconf 92' lang='lat' dir='ltr'>T.</span> <span class='ocrx_word' id='word_1_324' title='bbox 1358 2557 1434 2605; x_wconf 85' lang='lat'>28.</span> <span class='ocrx_word' id='word_1_325' title='bbox 1467 2552 1578 2598; x_wconf 93' lang='lat' dir='ltr'>anni</span> <span class='ocrx_word' id='word_1_326' title='bbox 1612 2553 1748 2610; x_wconf 86' lang='lat'>1767.</span> <span class='ocrx_word' id='word_1_327' title='bbox 1788 2550 1914 2597; x_wconf 79' lang='lat' dir='ltr'>varia</span> <span class='ocrx_word' id='word_1_328' title='bbox 1940 2546 2048 2596; x_wconf 86' lang='lat' dir='ltr'>sunt</span> <span class='ocrx_word' id='word_1_329' title='bbox 2089 2563 2192 2594; x_wconf 89' lang='lat' dir='ltr'>curn</span> <span class='ocrx_word' id='word_1_330' title='bbox 2230 2543 2323 2592; x_wconf 79' lang='lat' dir='ltr'>suis</span> 
     </span>
     <span class='ocr_line' id='line_1_36' title="bbox 278 2616 729 2666; baseline -0.007 0"><span class='ocrx_word' id='word_1_331' title='bbox 278 2618 539 2666; x_wconf 66' lang='lat' dir='ltr'>auctoribus</span> <span class='ocrx_word' id='word_1_332' title='bbox 564 2616 729 2664; x_wconf 85' lang='lat' dir='ltr'>recusa.</span> 
     </span>
    </p>
   </div>
   <div class='ocr_carea' id='block_1_15' title="bbox 277 2690 2328 2883">
    <p class='ocr_par' dir='ltr' id='par_1_15' title="bbox 277 2690 2328 2883">
     <span class='ocr_line' id='line_1_37' title="bbox 401 2690 2327 2757; baseline -0.005 -12"><span class='ocrx_word' id='word_1_333' title='bbox 401 2700 574 2746; x_wconf 87' lang='lat' dir='ltr'>Iterum</span> <span class='ocrx_word' id='word_1_334' title='bbox 600 2699 669 2745; x_wconf 91' lang='lat' dir='ltr'>Cl.</span> <span class='ocrx_word' id='word_1_335' title='bbox 696 2698 1044 2745; x_wconf 80' lang='lat' dir='ltr'>WARGENTlN</span> <span class='ocrx_word' id='word_1_336' title='bbox 1073 2694 1126 2740; x_wconf 88' lang='lat' dir='ltr'>de</span> <span class='ocrx_word' id='word_1_337' title='bbox 1145 2697 1342 2743; x_wconf 87' lang='lat' dir='ltr'>utilitate</span> <span class='ocrx_word' id='word_1_338' title='bbox 1372 2694 1589 2743; x_wconf 84' lang='lat' dir='ltr'>fastorum</span> <span class='ocrx_word' id='word_1_339' title='bbox 1614 2696 1900 2757; x_wconf 86' lang='lat' dir='ltr'>publicorum</span> <span class='ocrx_word' id='word_1_340' title='bbox 1938 2694 1992 2740; x_wconf 88' lang='lat' dir='ltr'>ad</span> <span class='ocrx_word' id='word_1_341' title='bbox 2021 2693 2125 2738; x_wconf 80' lang='lat' dir='ltr'>vitae</span> <span class='ocrx_word' id='word_1_342' title='bbox 2147 2690 2327 2736; x_wconf 87' lang='lat' dir='ltr'>mortis-</span> 
     </span>
     <span class='ocr_line' id='line_1_38' title="bbox 277 2752 2328 2824; baseline -0.005 -15"><span class='ocrx_word' id='word_1_343' title='bbox 277 2780 365 2824; x_wconf 89' lang='lat' dir='ltr'>que</span> <span class='ocrx_word' id='word_1_344' title='bbox 399 2764 447 2809; x_wconf 90' lang='lat' dir='ltr'>in</span> <span class='ocrx_word' id='word_1_345' title='bbox 479 2779 655 2822; x_wconf 89' lang='lat' dir='ltr'>quaque</span> <span class='ocrx_word' id='word_1_346' title='bbox 688 2763 871 2809; x_wconf 86' lang='lat' dir='ltr'>civitate</span> <span class='ocrx_word' id='word_1_347' title='bbox 895 2761 1015 2807; x_wconf 84' lang='lat' dir='ltr'>vices</span> <span class='ocrx_word' id='word_1_348' title='bbox 1051 2757 1344 2806; x_wconf 82' lang='lat' dir='ltr'>definiendas.</span> <span class='ocrx_word' id='word_1_349' title='bbox 1416 2762 1470 2806; x_wconf 87' lang='lat' dir='ltr'>In</span> <span class='ocrx_word' id='word_1_350' title='bbox 1497 2761 1653 2807; x_wconf 85' lang='lat' dir='ltr'>Suecia</span> <span class='ocrx_word' id='word_1_351' title='bbox 1681 2763 1747 2808; x_wconf 92' lang='lat' dir='ltr'>M.</span> <span class='ocrx_word' id='word_1_352' title='bbox 1781 2758 2038 2819; x_wconf 83' lang='lat' dir='ltr'>September</span> <span class='ocrx_word' id='word_1_353' title='bbox 2069 2752 2328 2801; x_wconf 84' lang='lat' dir='ltr'>fecundiffi-</span> 
     </span>
     <span class='ocr_line' id='line_1_39' title="bbox 280 2822 1598 2883; baseline -0.002 -9"><span class='ocrx_word' id='word_1_354' title='bbox 280 2844 381 2874; x_wconf 87' lang='lat' dir='ltr'>mus</span> <span class='ocrx_word' id='word_1_355' title='bbox 410 2826 485 2879; x_wconf 80' lang='lat' dir='ltr'>est,</span> <span class='ocrx_word' id='word_1_356' title='bbox 520 2829 561 2872; x_wconf 71' lang='grc' dir='ltr'><strong>ἃ</strong></span> <span class='ocrx_word' id='word_1_357' title='bbox 594 2825 765 2873; x_wconf 80' lang='lat' dir='ltr'>menses</span> <span class='ocrx_word' id='word_1_358' title='bbox 786 2825 926 2873; x_wconf 78' lang='lat' dir='ltr'>aestivi</span> <span class='ocrx_word' id='word_1_359' title='bbox 952 2822 1119 2869; x_wconf 89' lang='lat' dir='ltr'>steriles</span> <span class='ocrx_word' id='word_1_360' title='bbox 1136 2856 1148 2875; x_wconf 81' lang='grc'>,</span> <span class='ocrx_word' id='word_1_361' title='bbox 1187 2824 1353 2883; x_wconf 88' lang='lat' dir='ltr'>Aprilis</span> <span class='ocrx_word' id='word_1_362' title='bbox 1379 2822 1598 2872; x_wconf 86' lang='lat' dir='ltr'>funestus.</span> 
     </span>
    </p>
   </div>
   <div class='ocr_carea' id='block_1_16' title="bbox 410 2902 2342 3048">
    <p class='ocr_par' dir='ltr' id='par_1_16' title="bbox 410 2902 2342 3048">
     <span class='ocr_line' id='line_1_40' title="bbox 410 2902 2342 2965; baseline -0.009 -8"><span class='ocrx_word' id='word_1_363' title='bbox 410 2908 480 2957; x_wconf 88' lang='lat' dir='ltr'>Sic</span> <span class='ocrx_word' id='word_1_364' title='bbox 507 2909 556 2955; x_wconf 88' lang='lat' dir='ltr'>in</span> <span class='ocrx_word' id='word_1_365' title='bbox 578 2909 726 2956; x_wconf 74' lang='grc' dir='ltr'><em>Αὲἳον.</em></span> <span class='ocrx_word' id='word_1_366' title='bbox 756 2908 1022 2956; x_wconf 85' lang='lat' dir='ltr'>Helveticor.</span> <span class='ocrx_word' id='word_1_367' title='bbox 1055 2903 1110 2952; x_wconf 91' lang='lat' dir='ltr'>T.</span> <span class='ocrx_word' id='word_1_368' title='bbox 1132 2902 1216 2950; x_wconf 94' lang='lat' dir='ltr'>VI.</span> <span class='ocrx_word' id='word_1_369' title='bbox 2338 2964 2342 2965; x_wconf 18' lang='lat'><em>⁷</em></span> 
     </span>
     <span class='ocr_line' id='line_1_41' title="bbox 2134 2996 2333 3048; baseline -0.02 0"><span class='ocrx_word' id='word_1_370' title='bbox 2134 2996 2333 3048; x_wconf 74' lang='lat' dir='ltr'>Medica!</span> 
     </span>
    </p>
   </div>
  </div>
 </body>
</html>
