2531 3394
264 161 326 210 30
683 145 815 194 113.
867 147 1015 196 νιιι.
1070 142 1457 195 -ANAToME
1504 126 1877 211 nocnoit.

193 314 199 320 .
263 270 367 323 casu
392 274 571 335 aliquo,
607 271 684 321 sed
706 273 761 321 ad
792 271 1004 335 praevisos
1033 271 1148 320 fines
1187 282 1412 332 coaptatas
1441 267 1567 319 fuiss‘e
1593 267 1817 329 adpareat.
1893 266 2194 318 Voluntarios
2218 286 2314 318 mo-

264 350 340 387 tus
367 338 640 386 musculares
669 351 808 400 negat
830 355 856 384 a
878 335 1007 384 causa
1032 335 1293 382 mechanica
1318 333 1435 396 poffe
1461 334 1676 396 produci,
1710 333 2048 381 involuntarios
2076 333 2329 381 neceffario
2396 358 2399 359 ⁷

263 401 578 463 antagonismo
599 401 775 449 tribuit.
844 400 1036 461 Spiritus
1064 399 1279 445 animales
1303 400 1463 460 rejicit.
1530 399 1681 445 Partes
1717 395 1773 443 ad
1805 393 1986 444 futuros
2006 395 2114 445 usus
2143 410 2313 445 creatas

266 466 401 513 etiam
424 467 475 513 in
497 465 808 513 testimonium
841 463 1077 526 producit,
1114 475 1167 510 ut
1193 460 1398 509 foramen
1427 463 1573 510 ovale.
1641 462 1869 508 Caeterum
1893 458 1985 507 fere
2011 461 2062 508 in
2088 462 2308 524 generali-

264 527 353 578 bus
372 528 591 578 versatur.

393 627 569 688 EJUSD.
618 630 686 672 De
725 637 887 673 natura
913 623 1036 687 fibrae
1063 624 1224 684 ejusque
1260 623 1365 669 laxa
1386 622 1425 682 s
1454 623 1642 682 resolutae
1677 621 1829 668 morbis
1864 622 2070 668 tracJatus
2117 622 2319 670 Londini

268 701 404 748 8725.
436 689 514 745 83(ν
579 690 757 736 Fibram
783 687 970 734 solidam
1001 688 1147 747 ponit,
1179 703 1317 746 quarn
1341 685 1498 733 succus
1525 702 1718 732 nerveus
1742 698 1872 732 extus
1898 684 2080 732 adfusus
2103 687 2315 746 irriget&

200 772 203 773 ’
265 755 453 800 nutriat.
543 753 696 813 Hujus
730 756 939 799 elatcrem
970 753 1012 798 ὃς
1034 752 1127 798 vim
1151 752 1462 797 contraCtilem
1491 748 1766 803 considerat,
1806 747 1988 810 spiritus
2026 764 2218 796 nerveos
2248 756 2317 796 re-

265 815 385 864 futat
414 820 496 864 ἃς.

391 899 558 959 EJUSD.
597 902 665 944 De
693 898 959 959 infirmorum
981 895 1173 954 sanitate
1201 894 1362 941 tuenda
1385 899 1564 955 vitaque
1581 894 1858 955 producenda
1889 911 1995 940 eum
2022 895 2077 955 ej.
2112 897 2238 941 tradi.
2264 893 2318 941 de
2376 915 2378 917 >
2434 900 2437 901 ’

263 965 422 1010 natura
439 961 562 1024 fihrae
597 961 793 1008 Londin.
835 967 966 1018 1726.
995 963 1068 1013 89*
1101 957 1234 1006 Paris.
1255 970 1387 1017 1742.
1412 970 1480 1005 12.
1513 958 1667 1004 evol.
1737 959 1807 1003 De
1833 957 1908 1003 sex
1933 958 2068 1004 rebus
2095 959 2188 1019 agit
2220 975 2318 1005 non

263 1024 566 1072 naturalibus.
653 1026 880 1071 Humores
902 1023 1078 1069 nostros
1103 1021 1357 1069 alcalescere
1386 1022 1555 1081 ubique
1584 1033 1767 1074 monet,
1804 1021 1906 1067 ideo
1938 1022 2109 1068 vietum
2139 1035 2318 1083 vegeta-

262 1089 399 1135 bilem
427 1089 620 1148 requiri,
658 1089 738 1148 qui
770 1086 1058 1135 necessarium
1083 1103 1258 1132 acorem
1283 1084 1392 1131 huic
1422 1086 1540 1130 malo
1570 1096 1786 1144 opponat.
1870 1085 1955 1131 Sed
1982 1085 2089 1131 alibi
2112 1102 2193 1145 pro
2227 1101 2318 1131 me-

261 1153 360 1198 ritis
388 1153 686 1199 laudabimus.
757 1152 966 1198 Animam
1006 1162 1220 1196 caeterum
1259 1149 1313 1194 ad
1340 1151 1553 1196 STAHLII
1582 1147 1674 1194 fere
1705 1160 1904 1195 mentem
1940 1150 2317 1208 clavicymbalum

261 1214 437 1279 pulsare
465 1217 619 1276 ponit,
655 1216 783 1276 cujus
804 1215 1014 1262 claviculi
1039 1230 1292 1260 nervorum
1319 1211 1404 1277 lint
1431 1214 1561 1258 initia
1581 1246 1593 1265 ,
1631 1213 1761 1258 nervi
1784 1209 1867 1271 ipsi
1892 1209 2083 1258 chordae,

393 1298 448 1344 In
480 1296 650 1358 English
676 1295 848 1356 malady
883 1313 933 1343 or
961 1294 1132 1353 treatise
1160 1295 1405 1356 ofnervous
1436 1293 1651 1353 dzjbrders
1682 1293 1878 1339 London
1905 1305 2039 1351 1732.
2081 1293 2159 1348 8.*
2192 1294 2318 1341 varia

263 1358 398 1407 habet
420 1359 754 1421 phyfiolo-gica,
794 1363 942 1419 &pro
965 1359 1230 1405 evolutione
1259 1373 1445 1419 pugnat.
1515 1358 1585 1403 De
1606 1355 1839 1415 spiritibus
1864 1360 2014 1404 nervis
2042 1374 2176 1405 varia.
2226 1359 2317 1405 Hic

262 1426 522 1484 exemplum
547 1423 743 1472 recenset
766 1424 920 1469 militis
936 1458 948 1476 ‚
987 1424 1065 1489 qui
1090 1439 1172 1484 pro
1202 1424 1387 1469 arbitrio
1412 1421 1455 1468 se
1478 1423 1540 1466 ita
1570 1420 1626 1466 ad
1648 1421 1848 1480 quietem
1866 1436 2136 1481 componere
2164 1434 2312 1474 norat,

261 1500 317 1534 ut
343 1489 516 1535 mortui
543 1486 793 1535 simillimus
813 1487 953 1534 fieret.

389 1572 562 1630 EJUSD.
607 1573 652 1617 A
687 1586 778 1617 new
812 1567 959 1628 theory
999 1568 1053 1629 of
1077 1580 1196 1614 acute
1221 1566 1310 1613 and
1325 1565 1436 1624 stow
1460 1566 1608 1628 severs
1640 1576 1679 1622 3.
1709 1564 1815 1611 edit.
1853 1565 2048 1612 London
2073 1577 2207 1624 1722.
2239 1566 2315 1620 8.*

262 1634 453 1695 primam
480 1635 601 1680 enim
625 1634 729 1681 edit.
756 1636 933 1693 ignoro.
1005 1633 1184 1692 Corpus
1210 1630 1462 1677 humanum
1504 1629 1702 1690 conponi
1729 1645 1784 1674 ex
1811 1626 2029 1683 vasculis,
2067 1631 2108 1676 ἃ
2147 1627 2314 1690 potiffi-

263 1714 388 1744 mum
416 1698 667 1758 glandulis,
699 1696 788 1743 five
809 1697 990 1758 organis
1013 1694 1276 1742 secretoriis.
1347 1695 1617 1740 BELLINUM
1648 1693 1754 1739 inde
1773 1690 1952 1739 secutus
1980 1695 2314 1753 accelerari-pu-

262 1773 329 1807 tat
353 1760 584 1822 sanguinis
615 1778 692 1822 per
720 1762 886 1807 liberos
916 1776 1065 1806 ramos
1098 1771 1298 1811 motum,
1335 1758 1442 1804 dum
1473 1773 1631 1803 eorum
1668 1756 1808 1815 aliqui
1845 1757 2156 1803 obstruuntur.
2246 1759 2314 1803 Ex

263 1825 421 1870 ,iisdem
449 1826 681 1885 principiis
704 1825 796 1871 vim
829 1824 1047 1884 plicarum
1071 1823 1375 1869 retardantem
1401 1821 1621 1872 admittit,
1657 1836 1805 1879 neque
1830 1821 1943 1866 bene
1961 1837 2114 1866 earum
2134 1823 2183 1866 in
2207 1820 2314 1866 teste

261 1903 504 1934 :numerum
533 1889 634 1934 init.
719 1890 858 1949 Leges
883 1888 1044 1948 aliquae
1077 1885 1353 1933 secretionis.
1422 1885 1745 1931 Ventriculum
1775 1885 1817 1930 &
1844 1883 2056 1931 intestina
2087 1885 2181 1932 ritu
2216 1882 2312 1930 solo

262 1949 416 1998 officio
442 1950 523 1998 suo
550 1950 752 2013 defungi.

390 2032 584 2094 Reliqua
614 2033 702 2080 viri
730 2049 865 2095 opera
890 2032 1073 2094 practici
1098 2030 1190 2079 fere
1213 2030 1472 2092 argumenti
1495 2028 1614 2077 sunt.

544 2165 582 2214 ς.
619 2162 662 2207 D
682 2161 999 2208 chc111.
1068 2164 1232 2207 Diam
1258 2158 1411 2218 Philofi
1444 2136 1662 2217 Tranffia.
1692 2156 1788 2214 &a
1818 2173 1857 2203 a.
1882 2161 2018 2215 1706.

391 2258 448 2304 In
475 2273 520 2304 n.
544 2269 647 2316 307.
682 2255 876 2319 Jofi’phns
896 2259 1125 2304 CAMELLI
1161 2254 1399 2303 numerosa
1429 2253 1781 2301 monstrosarum
1805 2251 2075 2299 fabricarum
2109 2253 2312 2313 exempla

262 2336 318 2368 ex
348 2321 615 2381 Philippinis
643 2320 807 2368 Infulis
840 2333 1008 2368 narrat.
1101 2322 1261 2379 Aliqua
1286 2318 1488 2365 fabulosa
1522 2319 1764 2370 videntur,
1805 2319 1888 2363 alia
1924 2316 2184 2377 probabilia.
2254 2317 2312 2363 Et

259 2400 417 2431 vaccas
450 2387 491 2430 ἃ
519 2384 726 2431 homines
753 2385 1044 2444 androgynos
1065 2382 1325 2443 frequenter
1351 2396 1481 2442 putes
1500 2382 1711 2441 reperiri,
1750 2397 1852 2426 curn
1875 2381 2055 2440 propria
2073 2380 2193 2440 apud
2208 2380 2311 2426 Bar-

258 2447 392 2495 baros
420 2449 606 2494 nomina
628 2448 683 2494 iis
709 2446 795 2494 fint
814 2447 1034 2507 impolita.
1106 2449 1324 2507 Gigantes
1345 2480 1357 2497 ‚
1395 2446 1530 2498 nani,
1566 2444 1786 2504 Aethiops
1810 2444 1937 2490 albus
1963 2446 2102 2490 noCtu
2133 2443 2309 2490 videns.

387 2530 456 2575 Ex
481 2528 712 2575 codicibus
737 2530 802 2575 M.
824 2529 865 2575 S.
895 2526 1098 2582 Johanm's
1121 2528 1239 2587 RAJI
1267 2525 1520 2573 recensetur
1547 2526 1721 2584 integra
1747 2536 1954 2571 anatome
1970 2528 2153 2572 Antonii
2173 2525 2312 2571 MAR-

263 2606 457 2640 CHETTl
490 2592 711 2639 Patavini.
794 2592 969 2637 Renem
1000 2590 1223 2637 sinistrum
1252 2593 1459 2637 altiorem
1486 2588 1590 2643 effe,
1630 2591 1671 2635 Sc
1702 2589 1931 2648 majorem.
2019 2590 2178 2635 Lactea
2207 2585 2309 2643 vasa

261 2658 316 2702 ad
348 2669 531 2703 uterum
561 2653 612 2701 in
642 2655 977 2715 praegnantibus
1071 2655 1251 2713 Absque
1284 2654 1469 2701 testibus
1496 2653 1707 2699 animalia
1733 2651 1966 2713 generaffe.
2050 2653 2324 2711 Hymenem.

259 2718 482 2771 ostendit,
516 2718 745 2766 Urachurn
768 2719 935 2764 caecur'n
959 2715 1053 2762 effe.
1127 2720 1317 2763 Ramum
1343 2733 1366 2762 a
1385 2718 1524 2763 dudiu
1552 2716 1783 2763 thoracico
1805 2717 1850 2762 in
1870 2714 2167 2775 pericardium
2197 2730 2308 2760 eun-

259 2793 351 2904 τεῆς
378 2780 418 2827 se
433 2781 598 2828 vidisse.
666 2779 944 2841 Corpuscula
962 2780 1226 2827 mamillaria
1248 2780 1420 2827 cerebri
1441 2796 1524 2840 pro
1544 2779 1695 2827 fratris
1712 2781 1903 2826 invento
1932 2779 2010 2825 dat
2044 2779 2306 2839 (Domuu-

261 2857 309 2892 cl
360 2880 369 2891 .
436 2846 587 2891 Multa
615 2844 852 2903 paradoxa.

384 2926 441 2972 In
470 2922 616 2984 PhiloJI
649 2925 865 2984 Transaff.
888 2941 932 2971 n.
954 2937 1056 2984 307.
1085 2936 1219 2986 negat
1242 2925 1477 2972 cisternam
1502 2922 1623 2984 chyli
1652 2924 1847 2983 aliquam
1873 2921 1982 2989 dari.

384 3005 620 3070 EJUSDEM
654 3010 833 3058 Antonii
858 3009 1183 3060 MARCHET'H
1216 3008 1366 3069 aliqua
1401 3006 1593 3069 reperias
1620 3005 1671 3055 in
1706 3007 1758 3055 G.
1796 3003 1868 3054 des
1895 3004 2076 3052 NOUES
2105 3001 2304 3064 epistolis
2379 3021 2388 3031 ⁴

2141 3069 2303 3116 Romae
2358 3115 2377 3120 ,,

1592 3137 1615 3151 ν’
