2531 3394
283 136 377 184 472
669 125 801 171 ΜΒ.
837 124 943 170 ιχ.
1008 98 1935 174 ANATOMESPERFECTIO.

340 260 346 272 '
405 255 447 316 J.
470 255 777 302 KlesHOFER
812 252 863 299 de
884 252 1161 300 circulatione
1172 250 1391 313 sanguinis
1416 249 1577 310 ejusque
1600 247 1812 310 obstaculis
1836 250 1896 308 ἓξ
1915 252 2087 301 auxiliis
2119 252 2331 303 mechani-

281 319 334 366 cis
359 317 626 365 naturalibus
644 318 781 365 'Leid.
812 329 946 376 1751.
970 313 1052 372 4.*
2325 350 2328 354 ,

407 422 604 466 Herman
629 418 944 466 BoennAAve
977 414 1029 460 de
1059 414 1274 461 GORTER
1306 414 1357 460 de
1380 415 1486 461 Ιαὲἵε
1515 412 1574 470 &²
1594 414 1822 461 laetatione
1857 413 2236 476 Leid.1751.4.*

410 523 507 573 Jac.
535 519 764 564 MALBOES
795 515 846 561 de
876 515 1070 574 intestinis
1093 511 1152 569 ἓξ
1171 514 1379 560 vermibus
1407 518 1451 560 in
1479 515 1525 560 iis
1547 513 1836 560 nidulantibus
1870 513 1994 560 Leid.
2025 527 2158 573 1751.
2186 516 2266 574 4.*

223 476 253 489 “

402 621 456 671 J.
482 616 635 663 David
667 617 719 662 de
745 617 900 662 HAHN
918 649 930 667 ,
970 613 1054 659 viri
1089 614 1185 659 ILL.
1221 615 1261 659 ἃ
1289 612 1432 658 nostri
1463 614 1572 658 olim
1597 613 1759 659 amici>
1800 611 1851 658 de
1876 611 2173 671 consuetudine
2205 612 2330 661 Leid.

283 685 417 740 1751.
440 683 511 738 4*
560 678 792 725 Musculos
821 678 1067 737 digitorum
1084 711 1096 729 ,
1149 679 1189 723 ἃ
1215 677 1413 736 laryngis
1436 674 1642 722 officium
1672 675 1804 722 suum
1827 692 1904 735 per
1931 677 2113 736 longam
2146 675 2332 722 consue-

279 745 487 791 tudinem
513 741 692 789 discere.
763 744 889 789 Certi
918 740 1064 802 gestus
1096 757 1200 787 cum
1231 741 1437 797 oratioue
1462 740 1690 786 dominica
1713 756 1792 801 per
1821 737 2196 787 consuetudinem
2227 755 2334 787 con-

279 808 441 870 junffl.

409 893 661 936 Fortunatus
687 889 934 935 DWARRIS
961 885 1011 932 de
1038 886 1278 932 catanienit's
1308 884 1431 931 Leid.
1460 896 1594 943 1751.
1622 885 1701 943 4.*

409 975 455 1025 J.
482 971 597 1017 Frid.
619 971 880 1020 FASELIUS,
918 966 1135 1014 Profeffor
1160 965 1363 1028 Jenenfis
1380 1001 1392 1020 ‚
1428 966 1480 1012 de
1496 965 1713 1027 sanguinis
1737 969 1780 1012 in
1807 982 1960 1012 venam
1984 978 2216 1027 portarum
2235 982 2331 1014 con-

269 1036 371 1097 gesti
393 1052 497 1080 vera
526 1046 688 1080 natura
722 1035 821 1094 Jen.
845 1044 979 1090 1751.
1006 1031 1085 1090 4.*
1121 1029 1302 1091 praefide
1326 1032 1722 1078 KALTSCHMlDT.

401 1116 475 1177 EJ.
528 1120 595 1161 De
622 1113 921 1176 pulmonibus,
969 1114 1133 1174 organi}
1169 1111 1361 1158 humores
1391 1111 1451 1157 ad
1478 1112 1660 1172 futurus
1678 1110 1928 1169 secretiones
1956 1112 2289 1173 praeparantibus
2312 1131 2328 1151 2

273 1197 431 1227 necnon
448 1178 812 1241 sanguificationt‘s
837 1189 964 1237 atque
988 1178 1233 1222 nutritionis
1247 1177 1468 1236 primariis
1502 1176 1557 1221 R.
1590 1176 1838 1222 PERTHES.
1874 1176 1978 1238 Jen.
2004 1188 2087 1235 175
2097 1187 2140 1224 2.
2167 1189 2214 1236 4.
2246 1235 2248 1238 Ι
2326 1216 2331 1218 e

401 1263 475 1322 EJ.
517 1263 590 1306 An
601 1260 712 1321 fetus
734 1263 778 1304 in
810 1270 932 1304 utero
961 1269 1152 1303 materno
1174 1258 1408 1318 transpiret
1445 1269 1580 1316 1755.
1614 1254 1698 1315 4.*

402 1344 478 1404 EJ.
518 1346 585 1387 De
615 1341 772 1387 circulo
801 1340 1050 1386 WslLLlsu
1085 1340 1187 1400 Jen.
1214 1351 1347 1397 1759.
1370 1337 1453 1397 4.*

403 1425 479 1484 EJ.
514 1427 580 1469 De
608 1420 872 1479 absorbtione
905 1421 1006 1482 Jen.
1039 1426 1171 1478 1760.
1202 1433 1248 1479 4.

399 1506 476 1566 EJ.
515 1510 583 1551 De
609 1500 765 1549 uracho
796 1502 859 1548 ib.
886 1508 1020 1560 1760.
1054 1512 1387 1563 programmata
1413 1499 1598 1562 septem.

403 1587 480 1647 EJ.
517 1589 585 1632 De
612 1585 752 1631 nervis
779 1581 1066 1630 exhalantibus
1100 1584 1161 1629 ib.
1184 1590 1315 1641 1761.
1352 1581 1434 1641 4.*

394 1669 472 1728 EJ.
511 1670 578 1712 De
608 1666 779 1711 arteriis
799 1682 882 1711 non
903 1665 1143 1727 sanguineis
1175 1665 1235 1711 ib.
1271 1672 1404 1723 1763.
1443 1662 1526 1723 4.*

398 1750 476 1810 EJ.
516 1753 584 1795 De
611 1746 742 1806 causis
756 1746 1003 1809 flexilitate}
1025 1750 1224 1809 partiunt
1238 1745 1481 1805 solidarum
1511 1746 1697 1808 corporis
1735 1742 1909 1792 humani
1940 1743 2003 1791 ib.
2025 1758 2044 1790 Ι
2054 1751 2160 1804 763.
2190 1744 2274 1806 4.*

399 1831 475 1891 EJ.
515 1834 584 1876 De
610 1845 713 1875 vero
744 1828 884 1889 adipis
909 1827 967 1874 ad
996 1826 1112 1886 basin
1142 1827 1277 1874 cordis
1303 1826 1546 1889 circumfufi
1568 1826 1644 1886 usu
1675 1827 1738 1875 ib.
1760 1832 1895 1886 1763.
1934 1825 2017 1885 4.*

402 1913 477 1972 EJ.
517 1915 584 1957 De
602 1909 733 1968 saccis
761 1898 1094 1957 LoWERmms
1127 1909 1174 1955 ib
1218 1894 1351 1966 1723.
1381 1921 1427 1968 4.

403 1993 477 2053 EJ.
513 1996 580 2039 De
603 1991 854 2053 corpusculis
878 1992 1104 2038 ARANTll
1141 1990 1198 2036 ib.
1227 1997 1362 2048 1763.
1402 2002 1449 2048 4.

407 2074 481 2133 EJ.
521 2078 587 2120 De
605 2075 823 2136 profluvio
843 2090 1056 2134 aquarum
1069 2072 1320 2133 spuriarum
1336 2075 1381 2117 in
1395 2070 1592 2134 gravidis
1627 2071 1686 2117 ib.
1711 2076 1846 2129 1763.
1868 2069 1948 2129 4.*
1982 2071 2054 2117 Bis
2067 2069 2232 2130 absque
2243 2086 2326 2117 no-

275 2154 332 2184 :xa
358 2137 507 2186 vjdit:
551 2154 621 2183 eas
653 2154 790 2197 aquas
818 2154 871 2182 ex
900 2139 1054 2183 tunica
1091 2134 1396 2189 filamentosa,
1446 2137 1518 2183 vel
1550 2152 1605 2181 ex
1635 2133 1781 2181 chorii
1808 2135 2118 2195 duplicatum³
2153 2136 2226 2182 vel
2254 2136 2324 2182 in-

276 2213 346 2248 ter
374 2199 564 2247 chorion
595 2202 635 2247 &
669 2202 857 2247 amnion
889 2201 1054 2261 colligi.

401 2283 477 2343 EJ.
513 2286 580 2328 De
605 2281 731 2340 cuufis
752 2282 1073 2343 sternutationis
1096 2281 1256 2341 ejusque
1277 2279 1473 2340 effiftibm
1506 2279 1567 2326 ib.
1594 2286 1684 2338 176
1691 2292 1728 2339 5.
1756 2278 1840 2340 4.*

398 2364 470 2423 EJ.
514 2366 582 2408 De
614 2361 722 2421 vafis
753 2367 941 2424 corporis
969 2360 1143 2408 humani
1168 2366 1303 2408 aereis
1344 2362 1404 2408 ib.
1437 2368 1571 2419 1765.
1601 2359 1682 2420 4.*
1715 2378 1865 2423 progr.
1882 2362 1965 2409 III.

402 2442 560 2491 Edidit
582 2443 683 2490 ILL.
709 2444 1075 2495 TJEICHMEYERI
1108 2446 1388 2504 institutiones
1409 2443 1566 2489 medico
1591 2443 1742 2505 legales
1775 2445 1876 2505 Jen.
1904 2450 2040 2502 1762.
2071 2444 2149 2503 4.*

398 2526 440 2587 J.
457 2525 732 2574 BQHADSCH
752 2523 803 2569 de
820 2524 1010 2569 utilitate
1029 2524 1345 2583 elee‘lrifiztionis
1370 2529 1413 2571 in
1440 2536 1535 2570 arte
1563 2524 1724 2571 medica
1757 2526 1881 2586 Prag.
1902 2538 1986 2584 175
2000 2539 2041 2577 Ι.
2063 2523 2143 2584 4.*
2178 2525 2322 2572 Tran-

271 2589 560 2651 :spirationem
583 2600 732 2649 auget.
795 2589 867 2633 De
888 2598 1087 2632 extremo
1110 2587 1201 2633 fine
1222 2591 1351 2635 nervi
1372 2587 1527 2634 resecti
1550 2586 1787 2634 scintillam
1813 2587 2029 2649 profilire.

401 2675 448 2726 J.
473 2667 663 2716 Michael
686 2670 866 2715 BARTH
892 2667 944 2712 de
959 2667 1104 2725 somno
1133 2685 1159 2713 a
1183 2669 1369 2729 prandio
1400 2669 1694 2716 meditationes
1729 2667 1848 2728 Lips,
1880 2682 2015 2727 1751.
2051 2680 2096 2727 4.

400 2755 499 2806 Jac.
523 2752 858 2797 HIRSCHBERG
890 2747 940 2793 de
960 2746 1181 2808 sanguinis
1211 2762 1327 2795 motu
1355 2749 1618 2811 progressivo
1655 2761 1746 2796 tam
1773 2750 1967 2811 regulari
1998 2765 2126 2809 quam
2153 2751 2320 2810 irregu-

275 2817 386 2868 lari,
422 2814 599 2874 indeque
618 2813 829 2875 pendente
851 2809 1047 2860 cachexia
1080 2812 1200 2857 Han.
1227 2824 1359 2868 1751.
1394 2816 1474 2871 4.*

401 2899 518 2942 Petr.
544 2894 790 2941 Emmanuel
802 2894 1107 2940 HARTMANN
1139 2892 1192 2938 de
1213 2892 1370 2951 sudore
1394 2898 1509 2943 unius
1535 2895 1688 2943 lateris
1725 2894 1845 2943 Hali.
1872 2904 2003 2953 1751.
2023 2891 2103 2953 4.*
2133 2893 2319 2955 Experi-

275 2971 428 3008 menta
446 2959 501 3006 ad
519 2956 745 3013 sudorem,
765 2958 814 3007 in
832 2957 1016 3020 proprio
1043 2971 1228 3017 corpore
1253 2953 1384 3004 faeta.

2234 3037 2314 3095 EJ.
