2531 3394
274 137 367 186 504
682 125 945 172 L13.1X.
1014 117 1430 170 ANATOMES
1479 115 1956 166 marianos
2089 98 2125 153 ς

274 253 389 307 heit‚
430 252 625 315 Chymie‚
662 252 959 301 Naturkunde
987 249 1081 308 &a
1107 246 1331 312 gehbrigen
1358 244 1639 307 academische
1678 244 1891 308 Scherften
1923 248 2043 295 Hali,
2079 253 2216 307 1758.
2253 244 2334 302 8.*

273 319 343 366 Ex
364 316 689 380 BERNOULLli
723 316 1029 379 disputatione
1061 315 1114 360 de
1140 313 1396 359 nutritione
1427 327 1530 358 cum
1560 310 1724 370 aliquis
1748 309 1981 359 stricturis.
2028 312 2107 358 ’De
2133 312 2269 358 mola.

405 406 576 461 Zweyte
599 400 845 461 Sammlzmg
872 404 1006 455 1760.
1040 394 1119 450 82*
1182 395 1345 442 Parum
1371 392 1461 440 huc
1484 391 1607 438 facit.

407 482 515 529 Lud.
554 481 771 544 Gottfried
798 481 958 528 KLEIN
987 477 1038 527 de
1061 482 1159 522 ae're
1190 477 1307 536 aquiss
1331 473 1390 530 ἓξ
1420 475 1516 522 loeti
1539 478 1636 536 agri
1674 471 1914 531 Erhacenfis
1937 470 1997 528 ἐξ
2023 457 2338 537 Breubergenfis

230 581 234 584 »
274 544 481 594 Francos.
505 560 640 604 1754.
668 545 745 599 8.*
813 543 1016 590 Cadaver
1037 542 1087 587 in
1111 556 1245 585 arena
1271 555 1348 598 per
1375 538 1746 598 quinquennium
1775 537 2094 597 incorruptum
2129 540 2170 584 &
2199 538 2339 585 arefa-

279 613 417 657 ctum.
486 612 542 657 ln
572 606 804 656 Erbacenfi
834 607 1009 652 ditione
1044 602 1296 650 nascuntur
1313 600 1432 648 fetus
1465 608 1536 655 18.
1562 602 1617 647 ad
1644 615 1713 647 10.
1749 613 1934 647 mortes.
2003 601 2128 660 Saepe
2157 599 2337 648 feminae

276 675 463 734 pariunt
487 675 654 733 absque
685 669 925 718 mensibus.
996 670 1211 724 Quatuor
1240 665 1440 711 monstra
1470 665 1705 712 delineata.

403 757 460 803 In
484 757 580 805 A&
607 759 718 801 Nat.
747 756 846 800 Cur.
885 750 971 798 Vol.
989 750 1051 796 X.
1085 746 1298 794 describit
1329 745 1706 805 haemorrhagian]
1737 762 1792 792 ex
1812 745 2030 792 umbilico
2049 780 2062 800 ,
2099 745 2183 805 obs:
2204 758 2283 805 71.

343 828 346 832 Δ
406 838 462 884 In
498 841 561 883 N.
589 838 644 881 A.
670 839 733 881 N.
760 838 803 881 C.
841 832 929 882 Vol.
948 832 983 878 Ι.
1017 847 1064 878 n.
1090 836 1163 887 38.
1199 828 1340 875 homo
1375 827 1562 875 urethra
1598 826 1716 881 frisa,
1753 828 1916 889 glande
1959 828 2202 890 impervia,
2254 845 2353 889 pro-

280 901 549 961 androgyno
573 899 770 945 habitus.

406 987 453 1037 J.
491 981 674 1030 Gottlieb
701 981 914 1027 ECKART
938 976 1208 1040 vollstiindige
1237 975 1584 1036 Experimental-
1607 977 1847 1021 Oeconomie
1877 973 1984 1020 iiber
2017 973 2095 1020 das
2124 972 2340 1035 vegetabi-

277 1046 428 1108 lische,
465 1042 734 1103 animalische
767 1043 858 1089 und
891 1038 1176 1100 mineralische
1204 1038 1332 1085 Reich
1375 1040 1476 1101 Jen.
1502 1051 1637 1096 1754.
1666 1051 1711 1096 4.
1782 1038 2010 1084 Staturam
2035 1038 2339 1084 animantium

277 1113 329 1159 in
349 1108 523 1171 aquosis
548 1107 692 1155 Frifiae
721 1106 891 1167 augeri.
960 1106 1032 1151 De
1057 1104 1323 1150 castratione
1353 1104 1506 1150 avium
1534 1103 1830 1149 cortinarum.

409 1213 456 1264 J.
485 1206 705 1269 Gottfiied
737 1202 996 1266 Ohnefurcht
1020 1205 1287 1255 RICHTER‚
1319 1202 1379 1248 V.
1398 1203 1457 1248 D.
1480 1202 1547 1247 M.
1585 1199 1964 1262 ichthyotheologie‚
1995 1200 2098 1249 oder
2111 1201 2340 1263 vernunst-

277 1271 734 1333 undsclii·{ftnti1yjiger
769 1267 972 1327 Versuch‚
1010 1268 1079 1314 die
1103 1265 1328 1326 Menschen
1357 1282 1433 1311 aus
1458 1263 1745 1326 Retrachtung
1777 1265 1855 1311 der
1886 1264 2022 1324 Fzsche
2050 1283 2134 1314 zur
2163 1268 2339 1312 Bewun-

277 1339 446 1398 derling
468 1337 540 1382 (les
564 1333 782 1396 Scho'pfers
804 1351 861 1382 zu
876 1331 1040 1393 fiihren
1070 1332 1253 1391 Leipzig
1278 1341 1412 1388 1754.
1437 1329 1516 1383 8.ἰν
1581 1330 1651 1375 De
1678 1327 1846 1375 fabrica
1875 1328 2096 1389 piscium3
2143 1329 2196 1375 de
2231 1345 2338 1375 ocu-

278 1403 333 1448 lis
358 1400 586 1446 sturionis.
645 1398 864 1444 Auditum
886 1395 1080 1457 piscibus
1105 1394 1346 1455 relinquit,
1381 1396 1422 1440 ἃ
1449 1393 1626 1439 minora
1652 1390 1849 1439 officula.
1907 1393 2200 1440 Enumeratio
2215 1394 2339 1438 odio-

281 1466 409 1526 ginta
433 1462 726 1510 officulorum
754 1462 926 1520 capitis.
997 1462 1294 1520 Squamarum
1321 1457 1570 1518 elegantiae.
1639 1458 1811 1503 Dentes
1843 1457 1952 1503 lucii
1971 1457 2047 1502 alii
2070 1458 2120 1502 in
2141 1457 2336 1502 aliorum

278 1531 432 1575 locum
459 1526 720 1574 succedunt.
790 1524 1037 1570 Cerebrum
1067 1522 1255 1583 piscium
1282 1533 1335 1568 ut
1364 1522 1414 1568 in
1441 1520 1810 1583 quadrupedibus
1834 1521 2022 1567 moveri.
2090 1520 2237 1566 Tinca
2259 1517 2338 1566 fri-

278 1609 387 1654 gore
417 1608 528 1652 pene
555 1603 760 1636 emortua
793 1587 924 1635 facile
956 1588 1010 1634 ad
1032 1589 1172 1634 vitam
1204 1598 1480 1638 revocatum
1523 1602 1617 1631 eam
1655 1582 1828 1630 menses
1857 1595 1987 1644 putat
2017 1584 2125 1644 pati.
2194 1581 2337 1630 Pisces

279 1657 489 1703 dormire.
575 1654 769 1700 Lucium
804 1655 926 1698 intra
968 1664 1042 1710 24.
1074 1651 1207 1697 horas
1244 1650 1511 1696 devoratum
1550 1647 1713 1709 piscem
1751 1649 1800 1694 in
1839 1649 2095 1694 ventriculo
2124 1663 2336 1707 coquere.

279 1719 539 1768 Monstrum
577 1716 706 1778 piscis
734 1717 964 1777 podatum.
1036 1716 1173 1764 Siluri
1197 1715 1431 1761 cerebrum
1458 1714 1509 1760 in
1538 1714 1639 1759 oleo
1666 1724 1808 1759 natat.
1877 1712 2092 1773 An-guilla
2114 1712 2336 1772 vivipara.

279 1785 462 1832 Novem
490 1785 718 1842 lampetrae
746 1782 1003 1841 pulmones.

412 1867 540 1911 Πανί
557 1863 608 1909 de
622 1862 806 1909 cultiver
821 1862 879 1908 les
890 1866 1094 1907 meuriers
1104 1861 1262 1914 Manes,
1285 1861 1472 1908 d'elever
1482 1860 1537 1907 les
1547 1877 1646 1905 vers
1657 1859 1788 1919 tisoye
1803 1856 1898 1914 &a
1929 1858 2049 1905 Paris
2072 1869 2207 1915 1754.
2229 1854 2337 1902 12*

283 1931 510 1977 Collectus
533 1929 558 1974 l.
584 1943 638 1973 ex
662 1927 912 1979 ISNARDO‚
942 1926 1239 1978 CHOMELIO,
1269 1927 1380 1971 aliis.
1422 1926 1529 1972 Ova
1545 1925 1660 1969 bene
1685 1923 1994 1968 excluduntur
2015 1923 2065 1967 in
2082 1923 2229 1967 calore
2253 1918 2338 1966 hu-

282 1996 408 2040 mani
436 1992 650 2051 corporis.
718 1991 786 2036 Eo
821 1990 983 2036 melius
1018 1989 1079 2035 est
1119 1987 1333 2042 sericum,
1372 2005 1463 2048 quo
1498 1988 1680 2034 brevior
1719 1987 1812 2032 vita
1840 1986 2071 2038 animalis,
2107 1987 2154 2030 in
2188 1983 2337 2030 China

284 2057 345 2104 est
375 2069 451 2114 25.
484 2056 683 2106 dierum,
725 2054 773 2099 in
800 2054 947 2101 Gallia
972 2065 1043 2111 55.
1112 2053 1310 2099 Feminae
1335 2069 1432 2098 non
1458 2050 1710 2098 fecundatae
1737 2050 1922 2110 pariunt
1950 2066 2037 2095 ova
2062 2046 2322 2095 infecunda.

406 2137 573 2196 Penfie'es
585 2136 664 2194 fin·
696 2135 1060 2197 l’iiztffi’pretation
1086 2133 1202 2180 dela
1230 2146 1387 2180 nature
1420 2134 1542 2180 Paris
1563 2144 1695 2190 1754.
1724 2129 1830 2178 12.*
1872 2133 2042 2177 Auditor
2066 2130 2333 2176 DIDEROT.

281 2199 439 2249 Paffim
479 2197 782 2259 physiologica
826 2201 985 2259 tangit.
1054 2199 1140 2244 Pro
1179 2196 1349 2243 semine
1391 2196 1629 2243 feminino.
1716 2196 1786 2240 De
1833 2196 2063 2254 particulis
2098 2207 2336 2252 nunquam

284 2265 535 2325 quieturis,
574 2260 653 2307 nisi
684 2263 864 2320 quando
891 2264 939 2308 in
970 2260 1103 2309 situm
1134 2263 1322 2307 minime
1350 2260 1694 2307 incommodum
1728 2258 1987 2304 inciderint.
2055 2259 2334 2303 BERTINUM

282 2326 499 2381 inveniffe
526 2324 821 2371 anastomoses
848 2327 1207 2372 mammariarum
1236 2341 1340 2371 cum
1365 2323 1635 2384 epigastricis
1673 2323 1799 2379 (toti
1835 2321 2098 2381 antiquitati
2131 2319 2332 2372 dietas).

283 2394 458 2439 Contra
485 2391 702 2438 utilitates
728 2391 940 2449 partium.
1008 2391 1078 2436 De
1108 2388 1405 2435 fluc‘tuatione
1428 2386 1720 2448 phyfiologiae
1737 2420 1749 2439 ,
1787 2386 1920 2432 etiam
1944 2402 1968 2432 a
1993 2386 2331 2432 BOERHAAvm

284 2457 338 2504 ad
364 2472 448 2502 me.

411 2541 458 2592 J.
485 2532 678 2583 Gottlieb
707 2533 1010 2580 GLEDITSCH
1043 2531 1332 2595 Abhandlung
1367 2551 1452 2580 von
1493 2533 1571 2579 der
1613 2532 1863 2593 Vertilgung
1903 2530 1981 2576 der
2018 2524 2330 2587 Heuschrecken

282 2602 434 2650 Berlin
460 2611 594 2658 1754·
630 2596 708 2651 8·*
773 2597 844 2642 De
874 2597 972 2642 ovis
1010 2596 1282 2643 locustarum
1322 2600 1364 2643 &
1400 2610 1545 2657 partu.
1614 2597 1820 2643 Feminas
1856 2607 1923 2641 ter
1958 2591 2050 2638 fere
2084 2590 2331 2638 fecundari.

284 2666 511 2712 Venerem
542 2660 623 2708 effe
650 2672 724 2709 21.
751 2658 981 2705 horarum.
1051 2662 1087 2706 A
1118 2661 1321 2718 pluribus
1350 2661 1548 2706 maribus
1573 2660 1771 2706 eamdem
1798 2657 2013 2705 feminam
2030 2656 2150 2701 iniri.
2219 2653 2332 2698 Dari

284 2746 370 2776 ova
401 2725 659 2774 infecunda.
728 2724 867 2770 Redit
899 2724 949 2769 in
987 2721 1260 2780 vermischten
1283 2722 1550 2784 phyficalisch
1573 2756 1592 2763 -
1622 2721 1834 2782 botanisch
1856 2752 1874 2760 -
1904 2715 2212 2778 aeconomischen
2241 2715 2331 2762 Ab-

284 2792 555 2853 hancllungen
596 2789 716 2835 Hall.
742 2793 879 2846 1767,
905 2785 984 2840 8.*
1529 2817 1532 2822 .

415 2874 490 2934 EJ.
527 2873 597 2918 De
622 2868 781 2930 sopore
810 2884 1021 2915 ranarum
1041 2867 1247 2928 hyberno
1267 2870 1318 2915 in
1341 2873 1474 2915 Me'm.
1499 2868 1552 2914 de
1573 2866 1745 2914 l'Acad.
1774 2865 1825 2911 de
1852 2865 1998 2912 Berlin
2030 2871 2166 2923 1762.

408 2954 472 3028 In*
488 2957 621 3004 Μόνη.
643 2951 695 2999 de
714 2950 886 3000 l’Acad.
906 2957 1039 3011 1764.
1068 2948 1203 3000 refert
1221 2951 1582 3013 experimentum
1605 2950 1663 2997 D.
1689 2949 1743 2997 de
1757 2948 2039 2996 VELTHEIM
2058 2946 2109 2994 in
2123 2945 2324 3018 Harbke3

822 3031 826 3032 ⁷
2247 3024 2327 3070 qur
