2531 3394
309 121 399 172 395
531 139 546 144 s
713 114 850 163 ΗΒ.
900 117 991 163 rx.
1059 66 1956 161 ANAi'oMEs'PERFEcrro.
2014 144 2026 165 ,

437 245 529 306 ΕᾹ»
549 247 616 291 De
644 246 848 292 nonnullos
874 243 983 291 oculi
1001 241 1195 305 parribus
1225 238 1336 302 Diffi
1374 241 1638 302 inauguralis
1663 238 1826 287 medica
1862 239 2001 292 Leid„
2019 245 2152 299 1746.
2179 237 2286 299 4.*,
2323 243 2366 289 &

304 310 356 355 in
385 311 526 370 nostrtk
554 308 722 368 seleflth.
816 311 1017 355 Anulum
1045 308 1231 353 PETiTi
1261 304 1446 366 pulchre
1481 302 1690 365 expreffit
1709 338 1723 357 ,
1769 304 1957 350 laminas
1990 305 2108 351 dixit
2137 306 2182 351 &
2214 304 2364 354 fibras.

306 375 393 421 Pro
430 375 590 444 retina!
608 373 731 422 visus
758 389 928 434 organo
955 370 1219 416 facultatem
1251 369 1457 416 mutandi
1478 369 1604 438 *oculi
1628 367 1835 414 nondum
1859 366 2120 414 innotuisse.
2161 414 2165 415 γ

435 457 568 503 Ine-M
596 473 718 502 anno
740 468 871 512 1759.
897 453 972 510 4³⁵
1001 452 1276 498 Amsterdam
1301 451 1356 498 ad
1372 450 1732 497 MauchEUM
1762 451 1906 495 multa
1933 449 2109 496 utiliter
2137 449 2365 510 praefatur.

286 520 532 577 *Mensurae
560 523 714 581 pelvis,
747 520 931 578 paulum
954 514 1137 562 diversae
1165 533 1189 562 a
1215 514 1438 561 mensuris
1459 516 1654 560 aliorum
1686 511 1971 573 scriptorum.
2043 513 2215 574 Capitis
2246 532 2371 562 men-

304 584 448 638 surae,
485 601 562 646 per
582 585 798 631 verticem
825 597 920 626 non
949 581 1083 627 latius
1111 579 1220 626 facit
1250 580 1349 639 35¹.
1421 578 1652 638 Cartilago
1692 575 1860 623 offibus
1890 577 2022 636 pubis
2053 579 2288 638 interjedta
2319 581 2370 626 in

306 649 458 697 medio
485 651 687 708 pultacea
713 646 772 692 est
802 647 841 691 ὃς
874 644 1081 690 elastica:
1118 661 1168 689 ea
1191 642 1278 690 offa
1304 641 1346 689 se
1376 643 1426 688 in
1449 653 1582 701 partu
1611 639 1788 687 difficili
1817 640 1970 687 vidisse
1991 639 2228 688 discedere.
2299 645 2372 691 Li..

307 725 517 776 gamenta
543 714 691 771 aliqua
715 709 935 769 coccygis.
1020 710 1148 755 Uteri
1166 706 1380 754 craffities
1407 706 1560 759 varia,
1597 704 1858 766 semidigiti,
1897 705 2042 765 digiti.
2111 706 2242 752 Uteri
2266 723 2372 753 cum

304 778 471 838 vagina
500 789 659 822 acutus
681 775 903 832 anguluS‚
939 783 994 818 ut
1016 773 1218 818 anterius
1253 772 1426 817 labium
1449 770 1631 831 longius
1669 767 1735 815 sit.
1807 767 1974 814 Versus
2005 779 2184 828 partum
2214 782 2372 818 uterus

307 841 351 888 se
371 841 601 901 demergit.
675 835 988 886 Sinistrorsum
1010 836 1284 883 inclinatum
1307 834 1437 881 vidit.
1507 835 1641 880 Fetus
1658 831 1766 878 situs
1794 834 1948 879 varius
1965 833 2155 892 occipite
2181 831 2370 888 sinistro,

312 907 490 957 dextro,
528 920 634 949 aure
674 902 730 949 ad
765 918 814 948 os
840 902 996 961 pubis,
1044 914 1197 947 tamen
1220 916 1272 946 ut
1300 901 1417 946 linea
1446 899 1598 945 eadem
1628 913 1706 957 per
1742 898 2004 943 columnam
2037 895 2284 957 spinalem,
2315 901 2372 945 ⁷&

311 980 449 1028 eaput
472 969 623 1014 ducat.
690 967 853 1012 fetum
877 976 981 1011 ante
1010 979 1054 1023 7.
1081 962 1279 1010 mensem
1307 962 1350 1009 se
1371 978 1591 1008 cernuum
1612 962 1731 1006 dare.

437 1051 513 1109 EJ.
558 1053 709 1096 Oratio
733 1047 784 1093 de
809 1047 1007 1109 analogia
1033 1051 1148 1093 inter
1162 1046 1369 1092 animalia
1393 1042 1612 1107 &stirpes
1647 1042 1874 1103 Groning.
1895 1047 2030 1102 1764.
2053 1040 2140 1103 4.*
2175 1043 2246 1091 Ad
2271 1061 2375 1092 ana.

313 1127 459 1163 tomes
484 1113 718 1161 historiam
748 1112 915 1171 aliqua.

444 1197 521 1257 EJ.
575 1196 994 1254 Demonstrationum
1023 1194 1366 1239 anatomicarum
1402 1195 1452 1237 L.
1471 1196 1504 1238 Ῑ.
1531 1194 1746 1237 continens
1772 1186 1939 1236 brachii
1963 1187 2140 1237 humani
2157 1189 2377 1252 fabricam

313 1259 372 1317 ἐξ
395 1261 561 1307 morbos
593 1257 872 1305 Amsterdam
893 1263 1028 1315 1760.
1059 1254 1173 1302 fot*
1240 1254 1337 1316 Ipse
1372 1254 1570 1302 masculo
1598 1256 1810 1315 penicillo
1850 1254 2119 1300 arteriarum
2154 1271 2377 1302 venarum

314 1328 357 1373 Sc
386 1339 634 1371 nervorum
663 1335 850 1368 truncos
875 1317 1098 1381 expressit.
1167 1321 1237 1366 De
1256 1333 1361 1366 cute
1383 1320 1547 1379 aliqua.
1616 1318 1820 1379 Nigrum
1848 1333 2033 1364 mucum
2057 1320 2107 1364 in
2135 1335 2267 1379 aqua,
2301 1318 2377 1366 sed

311 1392 436 1437 iente
470 1387 599 1435 solvi.
669 1387 928 1432 Vulnerum
965 1383 1267 1445 symptomata
1299 1384 1354 1429 ad
1390 1400 1554 1429 nervos
1591 1383 1815 1443 pertinere
1839 1415 1852 1434 ,
1900 1397 1998 1427 non
2038 1382 2094 1427 ad
2136 1384 2375 1430 tendinesz

313 1469 514 1514 quorum
540 1453 674 1499 etiam
707 1451 895 1496 duetum
934 1447 1203 1509 sequuntur.
1291 1449 1557 1508 Ligamenta
1580 1447 1820 1493 tendinum
1846 1446 1896 1490 in
1925 1444 2058 1492 dorso
2088 1448 2130 1493 ἃ
2154 1448 2259 1494 vola
2288 1464 2380 1495 ma..

313 1533 402 1564 nus
428 1518 555 1563 bene.
624 1517 696 1562 De
722 1512 1002 1575 physiologia
1033 1528 1295 1559 nervorum.
1364 1513 1552 1559 Motum
1580 1527 1635 1557 ex
1658 1509 1961 1557 irritabilitate
1983 1522 2134 1556 ortum
2164 1527 2242 1571 per
2271 1528 2380 1558 con-

313 1579 544 1629 vulsiones
570 1578 780 1626 vasorum
810 1577 1161 1638 paralyticorum
1190 1577 1415 1636 explieat,
1450 1577 1492 1622 &
1520 1575 1843 1623 intestinorum
1880 1574 1930 1619 in
1966 1573 2181 1621 cadavere
2207 1589 2377 1624 motus.

313 1645 585 1694 Phrenicum
609 1659 802 1690 nervum
828 1642 1072 1702 aliquando
1103 1657 1180 1701 per
1208 1640 1412 1686 foramen
1445 1651 1582 1686 aortae
1613 1637 1841 1685 tranfiiffe.
1914 1638 2090 1685 Contra
2112 1640 2379 1688 arteriarum

313 1712 409 1756 vim
434 1708 762 1756 contrastilem.
832 1706 1030 1752 Arterias
1051 1703 1141 1751 fere
1162 1704 1301 1751 habet
1327 1721 1442 1764 quas
1466 1720 1566 1750 nos.
1624 1703 1834 1750 Omnino
1864 1713 2020 1748 tamen
2047 1705 2208 1749 arteria
2236 1705 2380 1751 radia-

315 1776 387 1827 lis‚
425 1790 572 1834 neque
600 1770 816 1819 rariffime
837 1805 848 1824 ,
886 1768 1020 1830 supra
1042 1769 1285 1817 flexionem
1311 1768 1456 1816 cubiti
1478 1769 1639 1815 oritur.
1708 1767 1875 1829 Figura
1893 1764 2109 1814 vasorum
2135 1766 2278 1816 flexus
2304 1785 2381 1816 cu-

315 1838 403 1886 bit-i
427 1855 531 1885 cum
557 1836 709 1884 nostra
735 1835 968 1883 convenit.

447 1921 522 1981 EJ.
579 1920 998 1980 Demonstrationum
1025 1918 1263 1963 anatomico
1282 1912 1655 1977 pothologicarzmz
1684 1918 1731 1961 L.
1751 1917 1812 1960 ΙΙ.
1849 1912 1988 1960 Pelva
2015 1914 2153 1961 virilis
2188 1914 2384 1963 Ams’cer-

316 1985 423 2032 dam
447 1990 579 2042 1762.
605 1981 723 2030 for*
788 1982 935 2029 Pelvis
967 1997 1046 2041 per
1071 1980 1271 2026 medium
1295 1977 1471 2025 differta
1489 2012 1501 2031 ,
1538 1980 1810 2025 arteriarum
1838 1980 1991 2024 trunci
2020 1977 2234 2039 expreffi,
2275 1995 2383 2026 nam

318 2049 374 2096 de
400 2050 533 2095 ramis
558 2047 613 2094 ad
634 2064 718 2093 nos
741 2044 923 2092 remisit.
988 2045 1151 2091 Mallet
1179 2044 1363 2091 arterias
1392 2041 1564 2099 nostras
1594 2059 1692 2090 non
1724 2041 2034 2102 serpentinas:
2082 2043 2296 2104 Pleraque
2325 2044 2382 2090 ad

321 2111 596 2174 chirurgiam
623 2111 865 2172 pertinent.

449 2194 526 2254 EJ.
563 2192 744 2255 Epistola
770 2190 829 2237 ad
849 2195 1187 2237 amatomicorum
1204 2193 1458 2251 principem,
1486 2204 1686 2250 magnum
1711 2189 1954 2236 ALBINUM
1982 2189 2128 2236 Gron.
2152 2195 2288 2249 1767.
2303 2188 2386 2249 4.*

321 2261 561 2307 ALBINUM
591 2274 646 2302 ex
669 2272 764 2302 uno
794 2257 963 2316 pund‘to
987 2253 1086 2301 suas
1111 2255 1287 2300 tabulas
1315 2251 1574 2305 delineasse3
1622 2253 1686 2298 ita
1716 2254 1860 2299 multa
1888 2254 1982 2314 tegi
2013 2266 2092 2301 aut
2122 2254 2381 2301 decurtari:

321 2321 367 2370 se
391 2323 521 2368 malle
555 2318 655 2367 suas
686 2320 859 2366 tabulas
887 2318 943 2364 ad
978 2318 1329 2366 architetstorum
1356 2333 1529 2364 morem
1557 2315 1723 2376 absque
1751 2319 1920 2378 pund‘to
1959 2320 2110 2377 optico
2141 2317 2382 2365 delineare.

323 2390 543 2434 ALBINUS
569 2385 781 2443 reponit,
819 2381 862 2429 se
887 2381 1019 2428 suum
1046 2385 1266 2443 pusidium
1306 2382 1510 2442 optieum
1551 2381 1604 2427 ad
1636 2393 1714 2438 40.
1756 2381 1923 2441 pedum
1956 2382 2211 2429 distantiam
2240 2398 2387 2429 remo·
2439 2406 2445 2409 -

323 2463 423 2498 tum
447 2446 666 2500 sumsisse,
697 2447 758 2493 ita
779 2447 962 2493 veritati
983 2463 1082 2492 non
1114 2447 1283 2492 noceri.
1350 2446 1490 2493 Instat
1519 2446 1822 2498 CAMPERUS,
1857 2456 2009 2492 tamen
2032 2449 2203 2507 paneto
2231 2447 2385 2507 optico

324 2512 406 2562 effe
436 2511 594 2565 usum,
628 2512 693 2558 ita
714 2508 911 2563 fadfflm,
950 2522 1005 2556 ut
1031 2511 1168 2556 nimis
1197 2512 1336 2557 reetas
1358 2510 1627 2562 claviculas,
1663 2511 1800 2556 nimis
1835 2507 2030 2558 humiles
2056 2510 2257 2571 scapulas
2284 2509 2385 2569 pin-

322 2579 466 2627 xerit:
494 2575 570 2623 sed
607 2591 755 2635 neque
787 2573 1179 2621 WANDELAARH
1211 2587 1351 2621 artem
1379 2574 1556 2634 probat.

457 2661 534 2721 EJ.
583 2654 723 2719 Leffien
749 2672 852 2703 over
881 2654 933 2701 de
957 2652 1089 2704 thanz,
1112 2654 1365 2705 zwervende
1385 2654 1601 2717 veesterfte
1633 2653 1971 2703 Leeuxvaarden
1993 2659 2127 2712 1769.
2158 2654 2232 2708 8.*
2296 2640 2388 2702 De.

327 2723 483 2773 scribit
504 2722 782 2769 ventriculos
802 2718 1067 2767 animalium
1085 2720 1420 2766 ruminantium
1434 2752 1447 2772 ‚
1480 2735 1595 2779 quos
1621 2719 1756 2765 etiam
1782 2721 1832 2765 in
1854 2719 2046 2764 minimo
2073 2719 2155 2763 illo
2171 2716 2386 2767 Africano

331 2788 536 2848 capreolo
559 2786 738 2846 reperit.
807 2784 863 2830 In
887 2799 959 2829 me
989 2795 1146 2831 monet
1165 2783 1219 2829 de
1243 2783 1545 2844 deglutitione
1570 2783 1712 2830 boum
1738 2776 1914 2842 aliqua:
1959 2797 2009 2828 ea
2028 2779 2142 2829 mihi
2159 2798 2259 2830 non
2284 2799 2390 2846 pro.

330 2855 427 2916 pria
448 2849 579 2902 sunt,
616 2851 775 2910 quiex
804 2848 1083 2896 PERRALTO
1120 2845 1326 2895 habeam.
2350 2854 2352 2856 ’

461 2933 535 2980 An
565 2931 621 2979 ad,
648 2932 798 2981 virum
824 2930 928 2980 ILL.
956 2927 1065 2980 facit
1088 2927 1140 2976 de
1150 2927 1359 2990 frat‘lura
1382 2927 1546 2992 patellae
1572 2925 1718 2991 disp?
1753 2927 1980 2992 Groning.
2000 2939 2136 2990 1754.
2165 2941 2213 2990 4.

2331 3028 2391 3076 In
