2531 3394
289 107 394 172 &250
549 155 562 159 -
686 85 966 167 mmlx.
1052 102 1463 159 ANATOMES
1514 86 1952 165 PERFECTIO.

435 241 613 291 Celebri
627 239 778 289 'Poetae
798 241 1018 303 Francisco
1041 242 1256 288 AnoUET
1283 239 1335 286 de
1350 239 1628 288 VOLTAIRE
1644 239 1739 288 haec
1751 256 1855 301 quae
1873 256 1999 288 nunc
2021 239 2120 287 dieo
2141 237 2353 288 tribuun-¹
2374 276 2376 279 .

302 322 396 357 ‘tur‘
466 313 543 355 Les
554 307 826 370 fingularite's
852 307 903 354 de
926 309 969 353 la
997 317 1151 352 nature
1185 309 1319 362 1768.
1351 302 1428 358 8.*
1463 306 1673 365 pleraque
1698 304 1880 364 quidem
1903 322 1978 364 per
1997 306 2152 365 jocum
2172 303 2350 366 scripta.

299 373 387 421 Pro
422 373 521 420 ovis
553 374 595 419 δι
622 371 886 419 evolutione
919 370 1188 431 germinum.
1260 369 1435 415 Contra
1460 370 1680 430 anguillas
1704 366 2023 415 reviviscentes
2049 368 2221 416 farinae.

425 455 502 516 EJ.
540 458 618 500 Les
644 454 893 515 colimazgot1s
927 451 985 497 du
1015 454 1068 496 R.
1095 456 1143 498 P.
1170 451 1490 499 Escnopmu
1532 456 1666 507 1768.
1699 447 1776 504 8.*
1823 451 1866 497 ὃς
1901 450 2066 496 iterum
2106 457 2239 508 1769.
2275 449 2353 505 8.*

296 519 358 566 ‘Se
372 519 442 628 bin
472 517 666 565 cochleis
700 518 1006 578 experimenta
1027 513 1195 568 feciffe,
1232 526 1492 576 regenerata
1513 512 1593 560 effe
1624 513 1890 561 detruncata
1919 513 2086 574 capita,
2118 529 2224 560 cum
2257 531 2355 562 cor-

297 598 369 630 nu
405 599 476 630 us.

435 663 618 726 Reponfi’
643 663 746 710 d’mz
776 660 1068 723 campagnard
1104 660 1155 707 de
1175 659 1418 720 Pierrefort
1443 676 1500 705 au
1519 654 1729 721 phyficien
1765 659 1816 707 de
1852 663 1913 707 St.
1942 658 2074 706 Flour
2119 658 2357 706 Clermont.

308 733 446 787 1768.
473 727 550 782 8.*
616 729 789 773 Contra
819 727 1021 772 libellum
1048 741 1182 784 quem
1215 725 1352 770 modo
1384 723 1600 770 diximus.
1797 737 1799 740 ⁴

435 813 561 870 Hugs
573 810 821 860 MARRET‚
858 806 1093 858 Medicus,
1131 806 1205 866 EJ.
1233 804 1518 864 consultation
1539 821 1596 850 au
1613 804 1727 864 sujet
1757 803 1862 850 d’un
1889 803 2037 865 enfant
2055 821 2134 864 que
2157 804 2243 851 l’on
2255 781 2357 865 prif-

306 873 412 921 tend
434 877 486 918 πό
507 889 563 918 au
586 869 1010 933 commencementstu
1034 873 1263 929 cinquieme
1285 869 1383 915 mot}
1425 869 1572 928 Dijon
1590 874 1726 925 1768.
1761 868 1840 926 4*
1908 869 2158 927 lmpe-ditus
2178 866 2359 913 feminae

305 949 463 997 partus
497 947 600 990 123.
631 934 809 980 dierum
847 936 965 979 reete
1007 931 1246 979 refutatur.
1316 930 1410 978 Effe
1438 929 1517 978 sua
1551 932 1716 991 cuique
1744 929 2030 991 perfeetionis
2061 931 2221 991 gradui
2248 942 2362 977 tem-

304 1017 433 1060 pora.
500 997 617 1045 Pulli
641 997 758 1043 diem
786 1009 855 1043 10.
882 994 1151 1057 respondere
1186 995 1376 1042 humani
1402 993 1518 1041 fetus
1543 994 1634 1040 diei
1666 1006 1750 1050 123
1773 1029 1786 1047 ‚
1833 1010 1980 1054 neque
2007 993 2106 1041 fieri
2138 992 2269 1055 poffe,
2306 1006 2360 1041 ut

303 1061 429 1109 fetus
452 1060 683 1108 humanus
711 1077 762 1106 eo
790 1072 993 1120 tempore
1013 1058 1303 1119 perficiatur,
1337 1075 1429 1118 quo
1459 1059 1611 1119 pul-lus
1642 1074 1699 1104 ne
1725 1060 1988 1118 pulmonem
2020 1059 2202 1117 quidem
2222 1056 2362 1104 habet

306 1126 365 1172 ad
387 1124 697 1187 respirandum
723 1123 961 1170 idoneum.
1029 1123 1211 1176 Mireris
1241 1124 1456 1169 Senatum
1486 1139 1567 1182 pro
1587 1133 1719 1182 partu
1747 1133 1850 1180 135.
1879 1121 2056 1167 dierum
2077 1119 2359 1182 respondiffe.

438 1211 486 1261 J.
509 1205 617 1253 Phil„
639 1206 860 1260 MARRET
876 1239 888 1257 ‚
928 1202 1208 1265 Chirurgus,
1242 1206 1438 1249 memoire
1451 1204 1530 1261 fiir
1555 1203 1598 1248 la
1623 1206 1810 1249 muniere
1828 1202 1973 1263 d’agir
2001 1201 2072 1248 dec
2099 1202 2219 1249 baim
2254 1201 2363 1248 de'au

306 1271 439 1318 donce
484 1271 608 1316 Paris
631 1274 767 1327 1768.
811 1267 887 1320 8.*
958 1269 1152 1328 Spiritus
1194 1283 1386 1313 nerveos
1433 1265 1593 1312 fibram
1633 1265 1688 1311 ad
1718 1265 2080 1312 contraitionem
2118 1265 2361 1312 stimulare.

311 1337 454 1394 Aquae
488 1333 665 1386 calidae,
708 1329 911 1392 frigidae,
956 1331 1006 1377 in
1046 1343 1190 1377 certos
1227 1330 1436 1376 homines
1474 1326 1672 1376 effecius.
1750 1330 1836 1375 Pro
1871 1329 2024 1375 calidae
2065 1328 2364 1375 resorbtione.

311 1398 491 1458 Frigida
511 1399 660 1443 minus
683 1393 962 1447 resorbetur,
1002 1397 1044 1441 &
1063 1406 1211 1440 cutem
1236 1394 1490 1440 breviorem
1517 1391 1687 1445 reddit,
1714 1392 1856 1438 calida
1880 1394 2159 1452 longiorem:
2199 1394 2242 1438 &
2267 1392 2365 1437 flui-

308 1461 370 1506 ‚da
398 1462 538 1520 magis
564 1471 710 1520 urget.
793 1458 980 1505 Fervida
1008 1458 1263 1505 breviorem
1291 1457 1453 1504 reddit.
1522 1456 1712 1504 Arteriae
1746 1454 2073 1516 phaenomena,
2111 1473 2210 1519 quae
2248 1454 2365 1502 cutis

308 1524 542 1571 Cadavera
568 1539 730 1583 aquam
752 1520 929 1568 sorbere
948 1555 960 1575 ,
998 1522 1206 1583 graviora
1232 1520 1375 1567 reddi.

444 1607 632 1667 Histoire
657 1604 728 1650 des
764 1601 1023 1664 cliaranfons
1057 1619 1161 1649 avec
1198 1602 1255 1647 les
1283 1600 1450 1660 moyens
1479 1600 1528 1647 de
1554 1602 1610 1648 les
1636 1600 1829 1647 detruire
1873 1601 2088 1661 Avignon
2116 1604 2251 1658 1768.
2292 1610 2365 1647 12.

312 1670 467 1716 Bonus
500 1670 675 1716 libellus
699 1668 942 1726 anonymi,
978 1667 1055 1725 qui
1071 1664 1114 1712 se
1130 1667 1164 1712 I.
1188 1667 1237 1712 L.
1260 1664 1418 1726 signat.
1485 1666 1666 1711 Famem
1688 1667 1869 1725 longam
1895 1680 1992 1710 non
2015 1662 2185 1716 ferunt,
2253 1663 2370 1709 Ver-

314 1734 511 1780 miculus
537 1730 657 1778 solus
681 1732 885 1777 triticum
922 1730 1105 1782 exodst,
1153 1730 1233 1788 qui
1265 1729 1317 1774 de
1352 1745 1442 1774 ovo
1466 1729 1661 1788 prodiit,
1709 1728 1833 1787 quod
1871 1727 2073 1774 curculio
2099 1728 2149 1773 in
2177 1742 2368 1787 granum

312 1795 533 1842 frumenti
556 1793 777 1856 deposuit·
847 1795 900 1839 In
935 1794 1096 1839 ultima
1120 1790 1384 1852 proboscide
1416 1792 1516 1838 duae
1547 1790 1653 1838 sunt
1677 1793 1867 1837 maxillae
1884 1825 1896 1844 ‚
1935 1791 2104 1851 quibus
2132 1790 2275 1836 rostro
2296 1806 2371 1836 ex-

317 1860 472 1920 pedito
508 1859 668 1906 utitur.
767 1859 876 1904 Ova
921 1873 1011 1902 una
1046 1854 1215 1902 femina
1256 1856 1372 1915 parit
1419 1868 1520 1913 150.
1622 1854 1761 1901 Tosta
1797 1853 2014 1901 haeftenus
2052 1870 2189 1914 grana
2232 1854 2370 1899 nimis

316 1923 431 1970 dura
461 1922 672 1969 dentibus
697 1921 902 1968 animalis
926 1918 1152 1967 resistuntt
1218 1919 1304 1966 Pro
1325 1920 1605 1966 evolutione.
1673 1919 1889 1966 Hominis
1915 1918 2131 1965 staturam
2149 1916 2372 1978 paulatim

316 1987 481 2036 minui.

447 2069 489 2129 J.
513 2065 559 2115 Β.
581 2068 820 2115 ROBINET
841 2065 1166 2126 cmficlerations
1177 2063 1512 2127 philosophiques
1539 2064 1590 2111 de
1619 2065 1662 2111 la
1678 2063 1937 2126 produft'ion
1958 2063 2165 2110 natureHe
2185 2061 2256 2108 des
2267 2076 2367 2124 ger-

319 2149 404 2179 mes
427 2150 478 2178 ou
501 2132 560 2177 les
583 2129 693 2192 affixis
719 2131 770 2176 de
794 2133 837 2178 la
869 2143 1050 2184 nature,
1089 2133 1163 2190 qui
1194 2129 1387 2190 apprend
1412 2132 1437 2173 [ὶ
1455 2129 1579 2189 faire
1603 2127 1793 2175 l'homme
1838 2127 2115 2174 Amsterdam
2133 2161 2158 2180 ,A
2189 2128 2262 2173 vel
2293 2142 2372 2186 po-

322 2197 415 2243 tius
441 2196 567 2242 *Paris
592 2201 725 2252 1768.
758 2197 830 2248 8.*
897 2196 1122 2241 Naturam
1157 2194 1310 2238 omnia
1345 2192 1527 2251 quidem
1565 2193 1620 2239 ad
1647 2190 1858 2252 praevisos
1893 2190 2007 2238 fines
2035 2207 2206 2244 creare,
2244 2202 2374 2236 caete-

322 2275 426 2306 rum
449 2259 557 2304 olim
587 2258 697 2303 adeo
719 2258 969 2319 imperitam
996 2255 1137 2309 fuiffe,
1171 2268 1224 2302 ut
1246 2255 1466 2302 tentando
1487 2256 1669 2302 demum
1700 2257 1739 2302 ἃ
1761 2254 1856 2315 post
1873 2256 2113 2301 innumera
2126 2253 2374 2300 frustranea

320 2322 564 2371 conamina
585 2356 597 2374 ‚
633 2322 784 2367 vitatis
814 2338 927 2380 quos
958 2320 1116 2367 didicit
1140 2318 1410 2381 adgnOscere
1438 2320 1679 2372 erroribus,
1718 2319 1899 2364 demum
1929 2319 2095 2364 animal
2117 2316 2255 2364 discat
2279 2332 2375 2376 per-

321 2384 473 2434 ficere.
540 2386 650 2431 Earn
679 2383 949 2444 hypothesin
977 2395 1029 2431 ut
1063 2382 1332 2436 confirmet,
1383 2383 1534 2429 noster
1571 2383 1793 2443 lapidibus
1825 2381 2096 2442 quibusdam
2127 2393 2374 2440 utrumque
2406 2432 2414 2443 ι

328 2450 526 2508 aliquam
565 2449 765 2508 corporis
793 2447 982 2494 humani
1013 2459 1182 2508 partem
1209 2445 1508 2494 referentibus
1531 2448 1704 2501 utitur,
1745 2463 1857 2506 quos
1889 2445 2025 2492 habet
2054 2462 2134 2505 pro
2166 2443 2375 2492 tentami-

321 2528 385 2560 ne
405 2513 597 2558 indoctae
628 2524 822 2561 naturae.
889 2513 944 2556 In
972 2510 1041 2558 his
1066 2510 1381 2557 adfinitatibus
1410 2514 1520 2557 mire
1541 2511 1773 2557 credulum
1794 2509 1835 2555 se
1862 2510 2061 2569 praebet3
2098 2508 2265 2569 figuras
2292 2506 2376 2551 hu-

326 2593 481 2623 manas
500 2574 718 2635 in‘fungis
745 2586 876 2636 putat
904 2574 1138 2634 adparere,
1174 2576 1224 2621 in
1246 2575 1554 2635 mandragora.
1606 2576 1761 2622 Sirene
1779 2572 1971 2619 eihomo
1994 2572 2055 2618 est
2073 2569 2374 2630 imperfectus.

329 2641 400 2712 De
439 2639 673 2692 monstriS‚
720 2652 916 2699 quorum
948 2637 1092 2684 claffes
1129 2639 1378 2686 constituit.
1449 2639 1533 2686 Sed
1562 2640 1695 2685 etiam
1736 2654 1877 2699 regno
1920 2637 2094 2698 lapideo
2127 2633 2253 2681 suam
2296 2630 2376 2678 effe

328 2715 488 2751 vitam.

460 2784 535 2844 EJ.
569 2784 780 2832 Parallele
809 2782 862 2829 de
882 2782 926 2829 la
947 2780 1164 2829 condition
1192 2781 1249 2837 ἐξ
1287 2782 1357 2830 des
1371 2783 1559 2846 faculte's
1586 2783 1637 2830 de
1663 2782 1852 2830 l'homme
1876 2797 1979 2828 avec
2005 2780 2116 2829 celles
2140 2780 2212 2828 des
2230 2790 2378 2826 autres

329 2850 540 2897 ammaim
572 2844 792 2899 Bouillon
812 2853 948 2908 1769.
981 2857 1054 2894 12.
1120 2847 1193 2893 An
1218 2844 1354 2895 fuerit
1384 2849 1646 2896 GREGORu
1671 2847 1865 2895 libellus.

1858 2993 1904 3054 §.
1937 2994 2378 3048 MCCXXXIX.
2418 3007 2428 3010 ·
