2531 3394
301 98 390 147 332
695 78 830 133 rm.
883 84 972 132 tx.
1039 45 1449 131 ANAToMEs
1497 78 1935 131 Pana-Ec‘rro.

298 217 511 264 teriorem
537 214 672 270 alibi,
710 215 973 262 interiorem
1004 224 1153 258 tamen
1187 209 1378 271 primam
1402 210 1544 257 oriri.
1634 207 1757 256 Foffa
1791 212 2010 272 jugulatis
2041 211 2201 259 dextra
2234 224 2348 272 pene

297 280 471 341 semper
492 280 650 340 major.
719 280 938 326 Arteriola
958 292 1108 322 comes
1136 276 1266 321 nervi
1290 273 1418 320 noni.
1488 275 1739 321 Ramulum
1762 290 1977 322 nerveum
1993 311 2006 330 ‚
2035 293 2170 337 quem
2187 278 2257 322 vir
2275 276 2345 321 Cl.
2397 337 2400 340 ἢ
2446 322 2451 328 χ

297 357 432 406 putat
459 361 534 405 per
557 343 732 390 hiatum
752 343 996 390 FALLoPu
1017 341 1066 385 in
1092 338 1252 384 duram
1275 339 1582 384 membranam
1605 340 1670 383 ire
1687 371 1699 390 ‚
1739 351 1912 385 certum
1938 338 2000 385 est
2021 341 2076 387 ad
2096 338 2347 386 secundum

263 409 266 411 ’
296 424 473 455 ramum
485 409 654 465 Quinti
680 406 795 467 paris
821 418 1013 465 pergere.
1081 404 1327 457 Ramulum
1347 418 1371 448 a
1391 402 1505 450 duro
1521 417 1662 448 nervo
1678 416 1731 447 ex
1747 401 2015 462 aquaeductu
2029 405 2092 450 ire
2105 406 2155 450 in
2172 405 2347 451 canales

273 472 275 474 ’
295 471 659 519 semicirculares.
730 469 977 514 Cornicula
998 464 1272 527 sphenoidea
1290 463 1364 512 hic
1377 466 1608 519 dicuntur,
1632 466 1738 511 alibi
1762 465 1903 513 fufius
1918 465 2149 528 descripta.
2198 471 2349 526 Qar-

299 548 402 584 tum
434 554 489 582 ex
513 536 668 580 ordine
696 534 738 578 &
767 529 1027 592 supremum
1064 547 1115 577 os
1151 530 1441 576 turbinatum
1472 531 1602 576 vidit.
1693 530 1932 590 Appendix
1960 529 2062 577 offis
2090 531 2342 584 turbinati,

300 602 441 661 vulgo
469 599 722 658 superioris.
789 594 1095 656 Sphenoideas
1122 610 1278 640 caveas
1314 594 1365 639 in
1392 592 1685 642 MORGAGNJ
1721 593 1917 641 conchas
1941 596 2116 654 aperiri.
2185 597 2267 642 Per
2294 611 2345 641 os

297 664 391 710 nasi
422 664 633 708 venulam
665 659 877 713 tendere,
925 675 1001 719 per
1037 675 1174 719 quam
1212 656 1333 704 finus
1362 657 1486 703 durae
1525 658 1798 704 membranae
1837 656 1969 718 poffis
2010 658 2179 704 inflare.
2249 657 2344 704 Effe

296 729 378 774 ubi
408 727 584 773 nullum
614 723 670 769 fit
694 740 744 770 os
778 723 974 783 unguis;
1021 721 1102 769 effe
1128 721 1212 768 ubi
1243 723 1339 781 ejus
1363 720 1586 781 processus
1620 738 1723 768 cum
1759 720 1844 768 offe
1868 722 2105 769 turbinato
2136 720 2344 768 inferiori

298 801 437 838 coeat.
506 787 702 835 Arterias
728 787 929 833 dentales
957 785 1207 847 superiores
1227 797 1359 846 putat
1378 783 1420 831 se
1445 787 1643 845 primum
1672 784 1849 838 dixiffe,
1887 785 2051 833 nostris
2078 788 2345 833 arteriarum

295 853 492 901 historiis
524 868 619 897 non
645 849 760 898 vifis.
830 851 1064 897 Laminam
1088 848 1432 896 adscendentem
1457 847 1560 896 offis
1594 847 1819 908 spongiosi
1850 848 2080 897 inferioris
2109 849 2220 911 saepe
2238 866 2344 897 cum

295 917 381 964 offe
401 917 583 978 unguis,
614 916 689 961 vel
720 931 824 961 curn
850 914 1073 960 maxillari
1107 914 1325 974 principe,
1353 910 1639 965 con-fervere,
1677 913 1811 959 etiam
1833 930 1935 960 cum
1969 912 2073 961 offis
2100 914 2344 961 ethmoidis

292 982 474 1029 lamina.
542 980 679 1026 Reae
709 979 1073 1025 articulationem
1098 975 1329 1024 inferioris
1361 977 1553 1023 maxillae
1583 974 1803 1023 describit.
1871 978 1941 1024 De
1968 978 2183 1025 dentibus
2215 977 2339 1024 fuse:

294 1043 460 1091 offeam
496 1044 710 1089 laminam
750 1045 938 1103 primam
977 1040 1058 1087 effe
1083 1075 1095 1094 ,
1156 1057 1211 1086 ex
1244 1057 1294 1086 ea
1331 1056 1580 1087 cremorem
1616 1038 1893 1087 efflorescere
1915 1071 1926 1088 2
1971 1043 2051 1102 qui
2087 1043 2137 1088 in
2171 1043 2343 1089 vitrum

296 1108 517 1156 consistat.
586 1108 760 1153 Dentes
784 1109 945 1152 laeteos
961 1105 1185 1152 radicibus
1207 1120 1304 1150 non
1324 1120 1486 1150 carere.
1554 1106 1728 1152 Dentes
1751 1103 1951 1152 hominis
1971 1106 2116 1153 adulti
2136 1105 2343 1160 crescere,

291 1171 368 1219 sed
388 1173 568 1219 lentius.
637 1171 871 1217 Arteriolae
897 1171 1095 1216 minores
1123 1169 1344 1229 tympani.
1413 1170 1499 1215 Sex
1522 1171 1634 1214 rami
1662 1169 1716 1215 ab
1737 1168 2043 1229 ophthalmica
2069 1171 2117 1217 in
2137 1171 2342 1217 cranium

293 1237 530 1284 redeuntes
563 1235 859 1295 (plerumque
884 1230 1176 1295 pauciores).
1246 1232 1482 1279 Arteriolzc
1503 1233 1806 1279 tentoriorum
1831 1235 2052 1281 cerebelli.
2124 1236 2258 1282 Sinus
2273 1236 2343 1281 in-

294 1314 368 1348 tus
399 1300 570 1347 cellulis
594 1296 696 1345 offis
720 1300 906 1358 plenus,
940 1299 990 1344 in
1026 1313 1162 1357 quem
1191 1297 1393 1342 ramulus
1424 1297 1597 1342 arteriae
1628 1295 1945 1357 ophthalmicae
1976 1296 2145 1345 subeat.
2216 1301 2343 1346 Arte-

290 1365 426 1411 riolas
457 1366 774 1424 plerorumque
805 1377 1052 1408 nervorum
1071 1360 1258 1411 comites
1285 1361 1328 1405 ὃς
1349 1361 1582 1419 parietales
1611 1360 1734 1406 dicit.
1806 1360 2178 1421 Ophthalmicam
2199 1379 2253 1408 ex
2269 1380 2339 1410 ca-

291 1429 438 1475 rotide
473 1440 658 1473 externa
691 1427 847 1473 venire
872 1429 988 1472 reete
1017 1436 1168 1486 negati
1234 1425 1415 1470 Ncrvos
1447 1425 1489 1470 &
1519 1425 1702 1471 arterias
1737 1424 1899 1471 duetus
1934 1427 2217 1487 pterygoidei
2243 1444 2340 1475 non

289 1491 396 1538 satis
420 1490 657 1552 perspexit.
726 1491 795 1537 De
819 1487 988 1537 offibus
1016 1487 1419 1550 supernumerariis
1449 1504 1503 1534 ex
1527 1486 1660 1535 succo
1691 1501 1906 1536 concreto
1940 1491 2053 1536 ortis
2134 1491 2343 1539 Variabi-

289 1558 353 1604 les
384 1556 526 1603 cranii
554 1554 724 1616 figurae.

418 1639 531 1685 Non
554 1635 783 1698 poffumus
809 1638 876 1683 Cl.
909 1637 1060 1683 virum
1089 1651 1164 1697 per
1195 1634 1395 1694 reliquos
1422 1645 1572 1681 tomos
1603 1633 1806 1696 persequi
1824 1670 1836 1690 ,
1874 1652 2070 1696 quorum
2097 1637 2258 1684 tertius
2284 1637 2342 1684 ad

292 1714 506 1750 truncum
528 1702 729 1762 corporis
749 1703 789 1749 ἃ
811 1701 866 1747 ad
885 1714 1008 1748 artus
1033 1698 1284 1761 superiores
1305 1700 1517 1760 pertinet.
1587 1701 1794 1756 Qartus
1812 1700 1866 1747 ad
1885 1698 2122 1747 inferiores
2141 1713 2276 1748 artus.

416 1787 473 1832 In
505 1796 666 1844 quarto
703 1783 839 1829 etiam
883 1782 1165 1843 cartilagines
1208 1780 1344 1828 habet
1385 1781 1793 1837 interarticulares,
1846 1784 1889 1829 &
1926 1780 2065 1843 ipsius
2111 1783 2338 1845 laryngis,

292 1863 391 1897 tum
422 1865 590 1895 aurem.

417 1930 566 1976 Habet
591 1930 659 1976 Cl.
684 1930 896 1976 PORTAL
920 1928 989 1975 Cl.
1009 1930 1229 1975 BERTINI
1270 1928 1555 1986 Confitltation
1576 1927 1657 1986 sur
1687 1927 1731 1974 la
1763 1927 1985 1990 legitimite'
2013 1927 2085 1975 des
2111 1926 2342 1991 naffznces

291 1993 483 2041 tardi-ves
513 1994 633 2040 Paris
656 2000 790 2052 1764.
816 2000 857 2047 8.
926 1994 1012 2039 Pro
1043 1992 1247 2039 variabili
1272 2004 1474 2052 tempore
1497 2004 1665 2053 partus.

360 2138 403 2186 ‘d
422 2075 547 2121 Inter
573 2078 899 2122 Commentarios
919 2074 1155 2122 Academia
1170 2077 1306 2136 Regia:
1327 2077 1483 2121 Scient.
1509 2091 1548 2121 a.
1569 2086 1702 2134 1744.
1729 2071 1941 2120 describit
1963 2075 2193 2123 cornicula
2214 2072 2341 2136 sphe-

290 2155 372 2188 n01
407 2155 470 2185 ea.

420 2220 477 2266 In
503 2220 590 2266 alio
619 2225 914 2267 commentario
939 2217 1154 2267 fabricam
1177 2220 1296 2266 renis
1321 2219 1562 2279 proponit,
1599 2218 1833 2279 glandulas
1855 2219 1975 2266 inter
1998 2218 2231 2267 fasciculos
2259 2220 2342 2267 du-

291 2287 449 2331 &tuum
480 2283 805 2330 uriniferorum
837 2282 1029 2342 positas:
1071 2285 1217 2330 urinae
1250 2283 1545 2330 secretionem
1571 2283 1828 2343 duplicem,
1867 2285 1908 2330 &
1938 2301 2016 2345 per
2052 2301 2121 2331 eas
2150 2285 2348 2346 glandu:

291 2350 357 2396 las
371 2381 385 2402 ,
422 2349 463 2394 ἃ
483 2363 561 2408 per
584 2348 745 2394 duetus
768 2346 932 2407 absque
955 2348 1181 2409 glandulis
1207 2364 1262 2393 ex
1292 2347 1466 2393 arteriis
1493 2359 1642 2393 natos.

415 2429 483 2475 Ib.
513 2444 634 2474 anno
661 2435 793 2486 1746.
824 2441 1033 2475 anatome
1058 2429 1303 2476 ventriculi
1328 2429 1514 2490 equini,
1558 2429 1638 2488 qui
1663 2428 1718 2474 ab
1747 2426 1951 2475 humano
1983 2445 2079 2476 non
2114 2432 2247 2490 longe
2272 2445 2340 2475 re-

289 2493 420 2541 cedit.
490 2493 755 2552 Ligamenta
785 2492 875 2538 duo
901 2505 1106 2558 cutagiezu
1130 2495 1168 2539 &
1199 2493 1293 2539 duo
1323 2493 1562 2545 tendinea,
1600 2509 1700 2552 quae
1718 2493 1914 2539 duorum
1941 2493 2158 2540 ostiorum
2179 2489 2359 2540 stoma-'

290 2557 365 2605 chi
392 2554 698 2604 disceffionem
721 2555 990 2615 impediunt.
1058 2556 1205 2603 Fibrae
1229 2554 1501 2603 musculares
1522 2556 1578 2602 ab
1600 2554 1842 2618 oesophago
1865 2556 2207 2610 descendentes,
2239 2572 2339 2616 par-

288 2623 373 2669 tim
398 2620 602 2680 undique
630 2617 785 2679 sparsae
800 2653 812 2671 ,
850 2620 1012 2679 partim
1028 2620 1084 2664 ad
1100 2622 1310 2679 pylorum
1333 2620 1598 2674 tendentes,
1635 2621 1732 2666 aliae
1757 2621 2019 2667 ambeuntes
2040 2620 2201 2666 ostium
2225 2618 2340 2666 oeso-

290 2684 439 2746 phagi.
508 2683 690 2731 Intimae
715 2699 882 2729 caecum
910 2681 1050 2729 finem
1071 2684 1312 2730 ventriculi
1337 2685 1515 2730 circulis
1544 2684 1763 2730 ambeunt.
1789 2684 2103 2740 concentricis.
2190 2685 2339 2730 Mem-

288 2748 430 2795 brana
457 2746 616 2795 villosa
636 2746 690 2793 ad
711 2746 925 2793 dextrum
948 2746 1192 2792 ventriculi
1215 2746 1353 2792 finem
1379 2745 1496 2794 tonfi
1520 2746 1646 2793 serici
1666 2746 1834 2794 similis.
1906 2746 2140 2806 Sphindter
2154 2746 2203 2793 in
2223 2747 2336 2795 ostio

292 2810 544 2872 oesophagi,
572 2828 596 2858 a
616 2827 734 2871 quo,
765 2822 865 2857 tum
886 2810 1020 2856 etiarn
1046 2809 1101 2855 ab
1123 2811 1305 2869 obliqua
1330 2814 1447 2870 gulae
1470 2809 1716 2857 insertione
1731 2844 1744 2864 ,
1773 2811 1975 2857 vomitus
1999 2811 2262 2871 impeditur.

418 2893 490 2952 EJ.
538 2894 607 2938 De
639 2891 1009 2953 inscriptionibus
1036 2890 1261 2937 tendineis
1296 2890 1607 2939 musculorum
1623 2895 1848 2939 rectorum
1874 2890 2148 2940 abdominis.
2216 2893 2339 2940 Con-

289 2954 677 3066 junpqereredtum
716 2954 973 3005 musculum
1008 2971 1113 3004 curn
1138 2953 1368 3015 obliquis,
1407 2958 1449 3003 &
1478 2954 1649 3010 facere,
1689 2967 1743 3004 ut
1775 2957 1826 3004 in
1867 2956 2074 3008 eamdem
2111 2957 2338 3068 astionelm

291 3032 378 3069 con
401 3029 589 3066 entiant.
2306 3036 2340 3067 n
