2531 3394
279 143 376 199 498
610 174 616 179 ,
687 133 823 181 rm.
876 134 968 180 rx,
1036 124 1451 178 ANATOMES
1500 124 1934 175 rssnracrro.

418 267 482 315 La
500 246 702 315 ΜΟΤΤΕ
730 262 1035 325 experimenta
1062 259 1115 306 de
1140 257 1328 320 simplici
1354 254 1455 304 visu
1483 259 1524 303 Sc
1548 255 1732 316 duplici.

417 348 473 395 In
502 351 908 396 Commentariorum
931 341 1068 391 Acczd.
1091 343 1190 402 Reg.
1226 343 1380 387 Scient.
1415 343 1534 387 Gott.
1562 339 1618 385 T.
1640 338 1720 384 IV.
1752 335 1907 384 Tobias·
1919 338 2122 390 Mum,
2151 334 2340 384 celebris

290 412 400 461 olim
426 411 725 459 Astronomus
753 410 806 456 de
829 411 920 455 acie
951 407 1043 467 egit
1069 405 1191 451 oculi
1214 423 1228 457 ς
1264 404 1319 450 de
1346 405 1514 464 angulo
1534 437 1545 456 ,
1577 418 1670 462 quo
1696 401 1849 450 minor
1875 416 1970 446 non
1996 399 2161 448 sufficit
2182 401 2241 446 ad
2275 401 2343 446 vi-

203 497 205 499 ·
288 475 506 529 dendum,
539 475 683 535 deque
710 475 806 535 ejus
837 472 993 533 anguli
1015 466 1249 521 mensura,
1284 484 1385 529 quae
1403 468 1465 513 est
1485 467 1540 513 ad
1568 478 1641 525 34.
1667 462 1859 511 secunda
1888 465 2003 516 min.
2026 463 2111 511 ubi
2143 465 2256 511 lucis
2279 463 2342 511 est

290 538 396 587 satis
425 541 507 586 &c.

419 622 476 668 In
502 619 661 667 Hamh.
683 623 863 680 Magaz.
885 617 941 662 T.
956 615 1089 661 XIII.
1122 614 1184 660 O.
1210 612 1265 659 K.
1292 612 1335 659 S.
1357 613 1423 658 M.
1472 610 1526 656 de
1566 607 1800 670 particulis
1836 609 1885 655 in
1916 606 2134 669 sanguine
2171 607 2342 659 ferreis.

290 685 549 733 Caeruleum
581 679 869 731 Berolinense
894 678 1060 726 habere
1090 678 1287 723 colorem
1322 673 1456 722 suum
1475 691 1500 720 a
1519 673 1639 720 ferro
1665 675 1715 721 in
1740 672 1960 734 sanguine
1984 674 2169 722 latente.

416 763 621 813 T.X1V.
646 764 700 809 de
730 760 948 823 vegrandi
977 757 1062 805 offe
1089 757 1274 804 femoris
1300 757 1417 802 circa
1440 753 1620 802 Schierz
1651 766 1842 815 reperto.

419 847 477 893 In
490 861 676 892 oeconom.
694 841 1034 902 Abhandlungen
1059 839 1115 886 T.
1132 839 1215 884 VI.
1244 838 1366 883 bona
1389 834 1589 889 historia,
1616 837 1750 883 etiam
1764 834 2031 889 anatomica,
2060 833 2208 883 astaci.
2255 836 2347 885 Ne-

292 921 367 972 gat
387 909 614 957 fiuvialem
634 907 829 954 astacum
850 918 971 951 certo
997 905 1096 950 loco
1117 914 1265 948 artum
1297 901 1519 947 decutere.

421 991 477 1037 In
501 991 556 1037 T.
580 989 686 1036 VII.
718 987 773 1033 de
797 987 895 1033 ovis
920 985 1068 1046 longis
1092 982 1335 1044 gracilibus
1371 999 1426 1028 ex
1453 980 1613 1027 morbo
1648 980 1784 1027 natis.

426 1072 484 1118 In
510 1074 643 1117 Me'm.
679 1069 732 1115 de
763 1067 932 1115 l'Acad.
967 1066 1038 1112 des
1063 1064 1180 1111 belles
1205 1064 1351 1110 lettres
1386 1063 1438 1110 de
1467 1067 1577 1111 Caen
1633 1062 1760 1108 Caen
1787 1072 1919 1121 1754.
1951 1062 2027 1115 8.*
2092 1062 2134 1123 J.
2155 1059 2350 1110 ANDRE'

291 1137 390 1198 ¹agit
418 1135 471 1181 de
497 1134 697 1195 corporis
726 1132 918 1179 humani
939 1130 1180 1176 miraculis.

424 1217 701 1263 CHIBOURG
733 1215 788 1261 de
811 1208 1143 1263 mechanismo,
1174 1225 1266 1269 quo
1297 1203 1483 1254 affeclus
1506 1206 1647 1252 animi
1664 1204 1788 1253 suam
1813 1203 2056 1252 efficaciam
2075 1204 2303 1254 exserunt.

424 1298 481 1344 In
496 1314 684 1345 oec-onom.
699 1301 752 1344 N
753 1292 992 1342 achrichten
1002 1293 1060 1344 T.
1079 1292 1135 1337 V.
1158 1292 1307 1352 agitur
1321 1290 1374 1336 de
1386 1289 1682 1336 incubatione
1701 1306 1712 1334 ε
1750 1291 1881 1335 etiam
1896 1304 1967 1334 eas
1985 1304 2088 1333 aves
2104 1287 2318 1333 incubare
2336 1322 2350 1340 ‚

295 1378 400 1422 quae
433 1377 457 1407 a
496 1362 716 1407 matribus
762 1375 860 1405 non
893 1356 985 1405 suis
1029 1353 1218 1403 exclusae
1245 1354 1345 1401 sint.
1424 1354 1489 1400 Ut
1523 1351 1661 1413 pisces
1696 1350 1926 1413 conpresso
1960 1358 2059 1397 aere
2094 1349 2174 1398 sub
2213 1352 2353 1413 glacie

298 1425 465 1487 stupidi
495 1425 757 1472 reddantur.

426 1507 483 1554 T.
502 1507 585 1553 VI.
624 1506 678 1553 de
702 1503 891 1566 piscium
910 1502 1070 1551 somno
1101 1499 1133 1550 s.
1158 1501 1338 1562 stupore
1364 1497 1564 1545 hiemali.

426 1589 531 1634 Hoc
557 1603 679 1633 anno
707 1587 878 1647 prodiit
903 1583 1042 1648 Effays
1064 1583 1151 1631 and
1175 1582 1462 1641 observcztions
1478 1578 1670 1642 phyfical
1699 1578 1790 1626 and
1825 1579 2026 1638 litterary
2045 1576 2271 1640 published
2302 1578 2355 1640 by

299 1670 329 1699 a
362 1654 529 1712 Society
558 1663 604 1698 at
626 1648 872 1712 Edinburgh
905 1651 992 1699 Vol.
1011 1651 1047 1696 Ι.
1086 1645 1356 1706 Edinburgh
1384 1658 1517 1703 1754.
1551 1648 1624 1698 8.*
1691 1644 1825 1690 Plura
1859 1642 1935 1689 hic
1957 1641 2163 1703 physica,
2200 1656 2357 1690 anato-

301 1718 417 1763 mica
438 1716 663 1776 pauciora.
730 1713 985 1761 Alexander
999 1714 1239 1760 MONROO
1268 1713 1309 1757 &
1333 1709 1488 1756 David
1514 1709 1673 1755 HUMF.
1704 1709 1744 1754 ei
1758 1706 1961 1754 societati
1981 1723 2007 1753 a
2029 1704 2223 1759 secretis,
2262 1705 2357 1754 fue-

300 1791 427 1827 runt.
485 1779 655 1826 Gallice
679 1776 887 1824 recusum
923 1777 984 1824 est
1009 1776 1097 1822 hoc
1126 1775 1318 1821 diarium
1342 1773 1454 1831 suite
1477 1771 1549 1818 des
1574 1769 1699 1833 Effais
1728 1770 2032 1831 d’Edimbourg
2073 1771 2194 1816 Paris
2220 1778 2356 1829 1764.

305 1845 347 1889 &
363 1843 632 1890 Germanice
660 1841 842 1901 Zufh'tze
868 1859 926 1892 zu
949 1840 1029 1887 den
1055 1835 1408 1900 Edinburgzschen
1433 1835 1664 1895 Verficchen
1692 1834 1785 1892 &a
1822 1835 2073 1895 Altenburg
2093 1847 2222 1892 1755.
2251 1841 2294 1888 8.

432 1924 489 1970 In
513 1924 706 1979 Journal
729 1923 780 1969 de
801 1923 1023 1971 Medecine
1047 1922 1154 1969 T.1.
1186 1923 1392 1967 Henricus
1415 1919 1600 1970 MISSA‚
1631 1933 1766 1977 quem
1783 1916 2021 1976 Gottingae
2048 1916 2264 1969 vidimus,
2297 1919 2358 1963 la-

304 1985 433 2035 bium
458 1988 715 2048 leporinum
743 1986 980 2041 describit,
1015 1986 1066 2034 in
1089 2001 1180 2046 quo
1202 1982 1407 2044 superior
1433 1983 1615 2028 maxilla
1644 1979 1882 2028 deficiebat
1899 2014 1912 2033 ‚
1953 1982 1994 2027 &
2016 1980 2173 2026 dentes
2197 1980 2248 2026 in
2269 1996 2359 2027 car-

306 2050 542 2112 tilaginem
564 2064 692 2098 erant
713 2052 986 2113 irnplantati.

440 2133 502 2180 D.
523 2133 761 2180 Euam-TE
795 2133 850 2179 de
881 2131 1101 2194 lethargo,

437 2211 642 2262 Officula
672 2215 721 2260 in
749 2214 861 2261 dura
885 2214 1111 2274 meninge.

440 2297 497 2344 In
522 2293 810 2354 Hunoversch.
829 2296 915 2357 gel.
939 2298 1119 2358 Anzeig.
1155 2306 1290 2353 1754.
1327 2293 1382 2339 de
1402 2291 1576 2339 morbis
1598 2290 1882 2353 gallinarum.

440 2379 498 2425 In
524 2375 754 2424 Stokholm.
783 2381 963 2438 Asagaz.
999 2374 1422 2433 Stockholn11754.
1457 2373 1536 2428 8.*
1572 2375 1754 2419 auclore
1784 2370 1934 2419 Carolo
1957 2370 2182 2418 Emanuele
2198 2371 2362 2419 KLEIN

311 2441 594 2491 recuduntur
618 2438 779 2499 scripta
799 2442 976 2487 minora
1002 2442 1267 2488 Suecorum.

444 2523 534 2570 Hic
560 2522 661 2568 ILL.
695 2521 870 2567 Carolus
896 2521 946 2567 de
971 2522 1116 2568 GEER
1148 2520 1201 2566 de
1229 2520 1521 2581 generatione
1546 2516 1836 2566 insectorum.

442 2603 500 2650 In
526 2601 703 2650 London
727 2606 964 2663 Magazine
993 2614 1127 2659 1754.
1158 2619 1198 2661 p.
1220 2608 1322 2658 187.
1394 2600 1565 2648 Surdus
1592 2611 1728 2647 natus
1746 2634 1760 2654 ‚
1796 2615 1893 2645 non
1911 2610 2063 2646 tamen
2090 2594 2365 2644 conscientia

311 2666 578 2723 destitutus,
611 2681 757 2726 neque
786 2666 893 2712 DEI
920 2666 1082 2711 timore
1107 2667 1149 2710 ὃς
1173 2665 1453 2725 cognitione.

566 2800 606 2851 §-
640 2796 873 2844 MCXL.
941 2792 1117 2841 Donald
1139 2795 1181 2840 ὃς
1207 2793 1458 2841 Alexander
1487 2794 1712 2846 Momm,
1749 2789 1996 2837 Alexandri
2017 2785 2116 2835 filii.

444 2893 573 2941 Prior
586 2892 799 2947 fratrum,
817 2890 1096 2953 aliquamdiu
1110 2889 1259 2936 noster
1283 2890 1479 2942 auditor,
1506 2890 1556 2936 in
1569 2885 1649 2950 Eff.
1667 2887 1774 2934 read
1791 2886 1935 2948 before
1953 2902 1980 2932 a
1993 2884 2138 2945 chiet.
2158 2884 2254 2943 &a
2279 2888 2377 2950 egit‘
2435 2886 2442 2889 “

317 2957 377 3009 de
401 2971 532 3006 utero
547 2958 750 3022 gravido,
782 2957 840 3005 ad
865 2957 954 3006 tria
988 2955 1205 3004 cadavera
1228 2953 1479 3002 muliebria.
1540 2949 1793 3014 'Inquifivit
1821 2966 1937 2998 num
1968 2950 2164 2998 liberum
2186 2952 2371 3062 filiqufd

2245 3032 2302 3064 va
2324 3032 2373 3063 o-
