2531 3394
837 118 881 178 ς.
925 127 1060 182 1146.
1103 99 1257 181 1147s
1309 118 1357 168 V
1389 119 1426 168 A
1464 120 1505 168 R
1542 123 1562 169 1
1600 122 1635 170 Ι.
2180 125 2269 185 509

324 256 410 299 'Du
431 251 649 299 VERGET
678 252 1044 313 jlnfangsgriinde
1074 249 1152 298 der
1178 250 1629 312 szdarzneylcmgsl,
1665 254 1756 299 und
1782 256 2029 304 Unterricht
2048 257 2135 318 fiir
2156 256 2270 303 Heb-

189 327 368 365 ‹ammen
393 316 447 362 T.
468 317 500 362 I.
544 324 777 376 Argentor.
803 328 935 374 1755.
963 315 1042 370 8.*
1097 317 1241 375 'Opus
1266 317 1432 361 direxit
1459 318 1515 362 D.
1538 319 1777 364 GERVASY
1795 352 1807 370 ,
1846 323 2105 377 procuravit
2123 324 2177 367 D.
2213 323 2268 368 de

204 382 336 427 LUCE
370 378 522 426 miffus
551 381 728 440 regius,
758 381 933 426 'somus
960 380 992 425 Ι.
1020 378 1228 426 ‘continet
1259 379 1440 425 brevem
1475 379 1818 442 physiologiam,
1847 383 1976 430 T.11.
2006 396 2263 431 anatomen.

208 444 418 503 Princeps
450 442 611 503 scopus
635 443 700 489 est
727 441 969 502 chirurgia.

336 522 604 571 Fortunatus‘
621 524 672 570 de
692 524 904 574 FEL1CE,
942 521 1160 569 Professor
1184 524 1540 584 Neapolitanus,
1577 526 1657 585 qui
1692 540 1816 572 nunc
1842 526 2077 573 Ebroduni
2119 530 2261 583 vivit,

166 640 170 642 v
208 591 249 636 ἃ
278 588 442 649 insigni
474 587 782 648 typographiae
806 586 986 646 praeest,
1020 590 1156 633 vertit
1179 589 1219 648 J.
1250 590 1576 637 ARBUTHNOT
1592 589 1798 650 specimen
1826 590 2041 649 effbeluum
2078 597 2191 636 ae'ris
2217 598 2261 637 in

211 666 385 714 corpore
412 652 617 702 humano,
653 661 856 709 notasque
880 650 1039 707 adjecit
1073 652 1267 711 Neapoli
1296 665 1407 710 1755
1417 690 1426 697 .
1451 656 1524 711 4*
1591 655 1766 700 Contra
1795 655 1908 701 aeris
1933 655 1981 700 in
2002 653 2269 715 sanguinem

211 717 540 777 receptionem,
572 715 695 760 inter
717 714 846 773 cujus
877 728 1091 773 patronos
1117 731 1186 760 me
1206 715 1417 762 recenset.
1465 719 1626 764 Aerem
1648 717 1783 763 etiam
1809 717 2085 764 thoracieum
2109 719 2272 778 rejicit.

341 798 565 844 GODART
604 794 837 848 Medicus,
883 795 1043 854 quiin
1080 812 1193 856 pago
1220 797 1433 843 Verviers
1462 814 1600 857 prope
1632 798 1851 844 Leodium
1883 799 2029 853 vivit,
2065 797 2267 860 Phyfiqzte

212 861 265 908 de
293 862 415 907 l'nme
441 859 590 905 Berlin
614 871 748 916 1755.
780 865 820 912 8.
853 859 1037 904 misor*
1073 872 1180 906 nata
1203 873 1257 906 ut
1282 877 1407 907 nunc
1434 862 1566 907 video
1587 879 1642 907 ex
1664 861 1891 923 specimine
1918 865 2164 924 animasticae
2188 880 2273 908 me-

215 925 360 972 dicinae
388 922 573 969 Rhemis
600 939 636 968 a.
666 935 797 981 1745.
837 919 1035 968 defenso.
1129 924 1284 976 Sede-m
1314 925 1476 970 animae
1515 926 1700 984 quaerit,
1739 925 1781 972 ἃ
1813 927 1861 972 in
1892 943 2079 988 corpore
2109 924 2275 973 calloso

214 988 347 1048 ponit
377 1003 432 1032 ex
459 988 703 1033 G1GOT0:
738 987 776 1031 ei
808 998 985 1031 motum
1019 987 1166 1032 cordis
1195 989 1383 1040 tribuit,
1418 1000 1526 1034 utut
1544 989 1640 1048 ejus
1662 990 1852 1036 aelionis
1878 989 1956 1036 fibi
1986 1007 2079 1036 non
2100 989 2152 1051 sit
2165 1006 2275 1036 con-

216 1050 316 1097 scia.
388 1051 441 1096 In
473 1051 602 1096 T.11.
633 1050 934 1096 nutritionem
964 1051 1004 1095 8(
1033 1051 1396 1109 generationem,
1433 1064 1533 1098 tum
1565 1054 1725 1098 animae
1754 1051 2012 1100 fundliones
2041 1052 2270 1101 describit.

215 1115 342 1161 Illam
359 1116 520 1160 animae
544 1126 767 1172 acceptam
793 1111 938 1158 refert,
1008 1114 1250 1160 Seminales
1279 1115 1488 1174 globulos
1507 1115 1587 1161 effe
1607 1128 1754 1175 partes
1773 1116 1912 1162 nostri
1927 1116 2102 1164 avulsas
2117 1147 2126 1164 ‚
2161 1133 2274 1177 quas

217 1194 294 1238 per
312 1176 568 1223 frictionem
581 1177 831 1222 amittimus
847 1211 858 1229 ,
892 1178 932 1222 8<
957 1193 1057 1235 quae
1078 1190 1272 1238 pergunt
1290 1180 1443 1225 vivere
1456 1213 1468 1232 ,
1504 1196 1668 1239 easque
1685 1196 1842 1227 omnes
1866 1196 1959 1227 una
1971 1182 2124 1227 anima
2140 1182 2271 1241 regit.

218 1242 393 1289 Similes
422 1243 470 1289 in
502 1239 669 1286 femina
694 1241 923 1299 particulae
951 1239 1083 1294 sunt,
1122 1258 1275 1302 eaeque
1295 1260 1355 1288 ex
1379 1254 1578 1303 utroque
1609 1242 1720 1289 sexu
1749 1246 1866 1290 vivae
1891 1246 2124 1291 moleculae
2148 1260 2270 1305 quae-

219 1317 330 1351 runt
349 1303 391 1350 se
412 1317 601 1357 mutuo,
638 1304 890 1357 uniuntur,
928 1305 1125 1351 animam
1150 1322 1172 1351 a
1198 1307 1461 1365 parentibus
1492 1319 1716 1368 acceptam
1739 1307 1998 1361 remittunt,
2033 1311 2074 1355 ἃ
2101 1325 2126 1353 a
2152 1316 2274 1354 nova?

220 1365 564 1427 suaqueanima
583 1384 717 1428 porro
736 1381 971 1428 reguntur.
1045 1371 1223 1429 Corpus
1240 1384 1291 1416 ut
1304 1372 1500 1430 polypus
1519 1387 1574 1416 ex
1586 1372 1816 1431 particulis
1837 1374 1992 1432 polypi
2009 1372 2277 1432 integratur.

220 1434 384 1479 Anima
405 1432 669 1487 dominatur
701 1429 826 1478 fibris
857 1432 1057 1485 cerebri,
1097 1431 1276 1493 fereque
1306 1435 1360 1480 iis
1385 1447 1437 1480 ut
1460 1435 1785 1494 clavieymbalo
1812 1437 1976 1483 utitur.
2062 1436 2281 1484 Adliones

222 1497 382 1543 vitales
410 1494 516 1542 sunt
545 1494 710 1555 absque
737 1496 996 1543 reflexione.
1064 1498 1134 1543 De
1160 1495 1337 1544 somnio
1364 1514 1418 1543 ex
1448 1498 1724 1547 FORMEYO.

352 1579 526 1639 EJUSD.
567 1582 661 1624 Des
689 1577 1089 1638 mztispasmodirjues
1114 1580 1205 1639 egit
1225 1581 1273 1624 in
1299 1578 1389 1626 diss.
1417 1580 1633 1626 Divione.
1702 1563 2076 1628 Diversi-stimuli
2109 1582 2206 1628 aliis
2235 1584 2281 1628 &

225 1643 322 1753 {liis
355 1643 555 1716 corporis
590 1640 779 1688 humani
813 1643 1016 1702 partibus
1055 1642 1226 1689 molesti
1252 1640 1372 1690 sunt.
1469 1644 1828 1692 Irritabilitatem
1855 1646 1909 1692 ab
1932 1645 2188 1692 elasticitate
2217 1645 2283 1692 di-

265 1720 429 1769 ingnit.

354 1790 429 1847 EJ.
467 1785 575 1849 Diffi
593 1788 675 1847 stt-r
702 1789 760 1834 les
787 1790 1087 1850 antzseptiques
1122 1789 1263 1848 Dijon
1292 1797 1425 1848 1769.
1466 1791 1537 1845 8.*
1603 1790 1905 1838 Phaenomena
1946 1791 2198 1852 putredinis
2232 1792 2283 1836 in

233 1854 433 1911 corporis
462 1853 667 1898 animalis
696 1854 909 1912 partibus.
969 1852 1262 1906 Alcaleseere‚
1310 1871 1410 1913 quae
1445 1854 1734 1915 putrescunt,
1782 1858 1831 1901 in
1869 1872 2001 1902 carne
2028 1854 2278 1916 praecedere

251 1918 445 1976 aliquem
469 1932 660 1962 acorem.
729 1917 962 1963 Putredini
992 1915 1140 1962 favere
1171 1928 1241 1972 35.
1267 1918 1431 1978 gradus
1456 1920 1615 1965 caloris
1639 1920 1838 1966 REAUM.

368 2001 583 2046 Giovanni
626 1998 793 2043 Vei-ard
829 1998 1049 2045 ZEviANl
1094 1997 1166 2044 del
1199 1998 1310 2059 flato
1343 2017 1370 2044 cz
1399 2000 1562 2060 favore
1596 1999 1707 2060 degli
1749 1996 2061 2060 ipoehondriaci
2109 2000 2285 2046 Veron.

236 2074 370 2120 1755.
391 2061 471 2120 4*
515 2068 649 2119 1764.
720 2062 796 2108 Ob
828 2062 1022 2108 nimium
1048 2060 1178 2107 usum
1215 2078 1491 2122 organorum
1519 2064 1682 2110 animae
1713 2080 1876 2111 nervos
1903 2065 2118 2111 animales
2156 2066 2284 2111 laxos

233 2125 334 2174 fieri
357 2127 407 2172 in
433 2124 870 2186 hypochondriacis,
908 2126 1064 2172 vitales
1098 2140 1250 2171 autem
1281 2124 1400 2173 fiilos
1432 2128 1619 2187 operari.

363 2208 615 2261 TanRRY,
643 2207 820 2259 medici,
855 2207 931 2266 qui
951 2204 1149 2253 diversus
1164 2206 1568 2256 estaFRANCISCO
1584 2210 1738 2257 nostro
1755 2228 1794 2271 p.
1811 2222 1918 2269 449.
1940 2208 2147 2257 medecine
2167 2223 2288 2271 expe-

232 2273 484 2323 rimentale,
525 2287 579 2317 ou
616 2270 801 2328 resultat
833 2271 885 2316 de
916 2270 1123 2316 nouvelles
1152 2269 1440 2328 obftrvaziom
1468 2278 1696 2334 pratiques
1737 2273 1796 2330 Εςῗ
1824 2279 2111 2335 anatomiques
2165 2274 2288 2320 Paris

242 2347 377 2393 1755.
410 2333 517 2381 12.*
571 2335 920 2394 ‘Peregrinaton
956 2350 1099 2393 genus
1130 2332 1383 2380 humanum
1414 2350 1542 2395 putat
1587 2337 1850 2384 decrescere.
1919 2339 1973 2384 In
2000 2354 2180 2397 quoque
2205 2336 2289 2382 ho·

238 2400 361 2444 mine
384 2410 553 2457 partem
583 2399 781 2457 aliquam
817 2396 887 2443 sui
915 2398 1115 2456 corporis
1154 2397 1417 2444 debiliorem
1451 2398 1547 2445 effe.
1627 2402 1738 2448 Non
1771 2417 1979 2461 magnam
2010 2400 2089 2446 effe
2119 2402 2290 2446 utilita-

239 2475 331 2508 tem
358 2459 694 2521 perspirationis
725 2459 1009 2507 insensibilis.
1079 2462 1341 2521 Lappone8‚
1379 2463 1460 2521 qui
1492 2463 1609 2510 nihil
1630 2465 1910 2527 perspirant,
1944 2465 2151 2511 omnium
2172 2478 2290 2509 mor-

239 2526 402 2572 talium
427 2523 675 2570 sanissimos
699 2525 865 2571 vivere.

371 2608 583 2654 BERARD
615 2607 721 2653 l’art
745 2605 804 2651 du
828 2604 954 2652 chant
998 2607 1118 2653 Paris
1142 2618 1276 2665 1755.
1321 2606 1398 2660 8.*
1448 2609 1569 2656 ,Huc
1596 2609 1706 2658 facit
1737 2609 1919 2658 theoria
1949 2609 2074 2656 vocis
2106 2608 2292 2657 FERRE-

242 2684 424 2718 NJANA.
494 2672 669 2717 Cantus
683 2669 749 2714 est
773 2670 823 2715 in
849 2671 1101 2716 elevatione
1128 2672 1169 2716 &
1187 2669 1463 2730 depreffione
1493 2675 1706 2735 laryngis.
1776 2677 1886 2730 Quo
1912 2671 2172 2720 mechanico
2194 2687 2292 2717 mo-

244 2734 303 2780 do
333 2735 468 2781 variae
498 2751 631 2781 voces
663 2744 890 2779 certorum
911 2731 1171 2780 adfectuum
1193 2734 1336 2780 animi
1365 2735 1631 2795 interpretes
1662 2738 1982 2798 producantur.
2066 2737 2132 2783 Ut
2155 2751 2292 2782 voces

244 2795 379 2845 fuscae
412 2799 737 2850 emendentur,
777 2797 946 2843 lentius
975 2798 1174 2857 elevato,
1215 2800 1458 2857 min-usque
1484 2801 1533 2845 in
1560 2802 1702 2847 altum
1724 2802 1860 2846 ducto
1891 2802 2073 2860 larynge
2101 2800 2151 2845 in
2179 2814 2293 2845 voce

246 2874 407 2920 arguta
446 2864 668 2923 (aigne);
731 2861 873 2920 magis
906 2861 1078 2907 elevato
1124 2861 1174 2907 in
1207 2858 1339 2907 surda
1381 2878 1505 2909 voce.
1593 2866 1862 2910 Litterarum
1903 2862 2131 2909 formatio.
2222 2863 2293 2908 De

251 2925 591 2979 articulatione,
627 2942 727 2986 quae
760 2922 815 2970 fit
845 2925 1003 2970 litterae
1033 2924 1269 2984 praecipuae
1310 2926 1612 2986 prolongatio.
1699 2929 2090 2975 Ornamentorum
2137 2928 2296 2987 (agre-

251 2993 403 3047 mens)
435 2989 487 3036 in
514 3001 652 3038 cantu
681 2986 942 3037 mechanica
966 3003 1044 3049 per
1072 2989 1305 3051 laryngem
1331 2989 1585 3050 productio·
2188 3023 2298 3070 ΗΜ
