2531 3394
873 121 918 182 §-
951 135 1060 183 903.
1095 121 1212 185 9943
1274 117 1320 169 V
1355 118 1394 168 A
1431 120 1472 167 R
1507 119 1528 167 I
1561 120 1598 167 Ι.
2172 102 2260 180 155
2307 140 2314 143 .

337 231 532 307 Lienin
556 271 697 318 puero
722 253 914 303 bilibris.

293 344 295 349 ’
335 341 398 388 Ν.
421 343 532 399 413.
569 339 741 385 Iterum
762 337 816 383 de
840 332 1065 383 intestinis
1091 332 1134 378 δε
1159 345 1316 376 eorum
1343 328 1538 376 valvulis
1569 328 1619 374 in
1647 325 1840 374 struthio
1873 332 2056 378 camelo.

339 423 396 468 In
432 419 631 483 Stephani
655 420 819 467 HALES
847 410 1139 474 haemastatiks
1176 408 1445 458 describitur
1469 407 1667 456 RANBYI
1699 409 1884 456 materia
1913 427 1992 470 pro
2021 410 2262 471 injefflone

209 486 401 546 vulgari,
434 502 489 531 ex
521 501 612 531 una
651 495 774 544 parte
803 477 984 531 refluae,
1019 475 1306 523 tantumdem
1346 491 1480 528 cerae,
1527 476 1568 521 &
1604 485 1802 533 quatuor
1834 474 2038 534 partibus
2071 478 2264 524 vernicis

210 548 551 596 terebinthinati
583 542 842 606 composi-ta.

342 632 398 678 In
422 631 533 691 Hist.
557 628 610 675 de
637 624 810 674 I‘Acad·
838 622 908 670 des
936 626 1123 671 Sciences
1152 632 1286 679 1725:
1316 620 1540 680 reperitur
1569 618 1893 680 compendium
1919 619 2095 678 aliquot
2122 617 2268 666 differ.

210 696 440 743 tationum
469 693 578 738 Abb.
604 691 656 736 de
685 690 939 738 FONTENU
960 721 972 741 ‚
1010 687 1092 746 qui
1127 688 1170 732 &
1203 682 1297 744 ipse
1337 685 1602 731 varietatem
1633 683 1948 743 quotidianam
1982 683 2160 728 staturae
2186 681 2271 728 hu-

211 776 355 805 manae
378 757 524 809 vidit,
563 756 604 800 &
631 752 851 800 vertebris
876 762 1104 811 acceptam
1129 748 1288 795 retulit
1309 766 1321 793 ε
1364 759 1545 794 tantum
1570 758 1625 794 ut
1646 763 1672 793 a
1693 746 1820 807 pastu
1843 745 2046 793 eamdem
2069 747 2272 806 aliquan-

213 834 313 868 tum
341 821 495 880 augeri
521 817 822 864 adnotaverit.

342 903 397 948 In
422 901 541 946 Afc'is
566 901 813 945 Litterariis
841 899 1021 944 Suecicis
1047 895 1157 941 anni
1182 905 1315 952 1725.
1355 892 1529 949 Bafilius
1545 895 1864 940 TATISCHEW
1892 892 2042 953 aliqua
2060 889 2199 939 habet
2219 891 2273 938 de

215 963 382 1013 ossibus
405 962 676 1016 Mamouth,
709 977 906 1022 quorum
935 961 1103 1005 animal
1135 959 1344 1004 nondum
1379 969 1509 1018 putat
1541 955 1802 1004 innotuiss'e.

214 1109 242 1157 d
272 1107 298 1156 s
341 1051 536 1155 ffgagnus
566 1046 785 1091 BROMEL
805 1075 817 1096 ,
853 1040 1122 1094 Archiater,
1172 1039 1408 1087 cerebrum
1443 1039 1668 1087 bubulum
1706 1036 1875 1086 offeum
1906 1035 2011 1085 satis
2042 1035 2274 1099 probabile

245 1127 268 1157 e
292 1126 352 1158 cri
390 1122 439 1156 it.

343 1192 402 1239 Et
434 1189 630 1238 sceleton
657 1188 803 1243 fetus,
840 1188 914 1236 cui
940 1188 1062 1249 galea
1092 1185 1235 1234 cranii
1266 1183 1517 1232 deficiebat.

347 1273 402 1319 In
431 1272 656 1319 Breslauer
681 1272 979 1333 Simzmlzmgen
1008 1265 1188 1330 Versuch
1214 1267 1398 1316 XXXI.
1439 1267 1606 1315 Nuclei
1632 1266 1884 1315 cerasorum
1911 1282 1990 1328 per
2020 1276 2112 1314 tres
2134 1279 2277 1312 annot

215 1338 268 1384 in
295 1338 553 1384 ventriculo
586 1336 766 1383 retenti.

344 1420 492 1480 Lepus
515 1418 727 1465 dentibus
750 1416 928 1464 caninis
955 1413 1278 1478 prolixiffimis.

352 1500 581 1547 Columba
609 1500 775 1560 biceps.

347 1583 420 1631 De
453 1580 583 1630 causa
606 1580 810 1642 delapsus
839 1597 1064 1628 cornuum
1086 1582 1222 1627 cervi.
1291 1579 1484 1641 Sanguis
1502 1595 1580 1640 per
1598 1590 1747 1626 cutem
1770 1575 1976 1624 exsiliens
1999 1576 2049 1622 in
2075 1573 2191 1622 sene.

356 1662 534 1724 Verfitch
554 1664 759 1711 XXXII.
787 1662 1015 1709 manubus
1033 1661 1276 1708 destitutus
1298 1663 1433 1709 variis
1452 1662 1620 1722 pedum
1645 1677 1729 1721 ope
1760 1657 1922 1705 officiis
1945 1656 2213 1716 defungens.

355 1745 534 1806 Versuch
559 1745 787 1794 XXXIII.
817 1741 1035 1792 immensa
1065 1743 1334 1793 sternutatio
1364 1760 1420 1792 ex
1445 1743 1585 1791 odore
1607 1742 1859 1791 carbonum
1887 1738 2124 1787 foffilium.

350 1830 423 1876 De
446 1830 597 1875 molis.

351 1911 423 1958 De
449 1911 706 1971 Vampyris,

358 1993 431 2038 De
459 1994 689 2054 longaeva,
718 1989 829 2040 fuse.

351 2075 422 2121 De
449 2075 615 2137 exiguo
643 2075 806 2122 robore
836 2074 1189 2122 ECKENBERGI.

361 2155 539 2215 Versuch
569 2157 799 2205 XXXIV.
838 2154 1202 2216 superfetationis
1229 2156 1516 2217 exemplum,
1548 2170 1711 2216 nempe
1739 2152 1832 2200 duo
1858 2148 2042 2214 perfedti
2067 2148 2194 2211 pueri
2215 2147 2284 2196 in-

229 2229 297 2268 tra
327 2230 401 2268 20.
428 2220 755 2269 hebdomadem
787 2233 919 2281 partu
943 2221 1065 2267 editi.

358 2304 427 2350 Ex
450 2316 588 2350 matre
620 2303 745 2361 52ria
773 2319 899 2363 puer.

355 2384 491 2430 Fetus
521 2383 943 2445 hydroeephalicus.

364 2465 718 2513 Somnambulus
752 2465 944 2512 diurnus
976 2463 1238 2527 descriptus.

364 2547 434 2593 De
461 2563 602 2606 puero
632 2546 887 2593 Hamelensi
915 2548 965 2594 in
987 2546 1231 2593 solitudine
1257 2546 1465 2594 educato,

360 2626 726 2687 Rejuvenascens
753 2629 930 2681 vetula,
967 2629 1100 2675 novis
1132 2628 1233 2689 pilis
1256 2630 1298 2674 &
1328 2628 1557 2676 dentibus.

365 2711 546 2770 Sperma
573 2711 661 2756 ceti
693 2726 748 2755 ex
775 2721 871 2756 tota
894 2710 1170 2770 pinguedine
1197 2710 1299 2755 Ceti
1329 2709 1612 2757 Caschilloch
1642 2711 1801 2772 parari.

366 2790 480 2837 Ibid.
510 2790 667 2838 Mense
689 2792 886 2838 Onobri
914 2792 966 2838 de
992 2793 1161 2838 tritone
1187 2792 1402 2837 narratio.

364 2873 422 2918 In
449 2873 691 2920 A&.E2»ud.
710 2872 819 2933 Lips.
851 2884 986 2932 1725.
1030 2876 1300 2933 Anonymus
1329 2873 1472 2918 Italus
1503 2884 1673 2922 monet,
1700 2872 2013 2933 MQRGAGNO
2045 2867 2188 2914 didtos
2208 2865 2287 2912 effe

241 2935 401 2982 dubius.
429 2938 747 2995 glandularum
767 2936 1149 3000 sublingualium,
1181 2953 1296 3001 quos
1325 2934 1406 2982 sibi
1431 2935 1592 2984 tribuit
1617 2935 1976 2988 W'ALTHERUS‚
2008 2933 2144 2980 etiam
2170 2930 2288 2977 testi-

242 2999 326 3045 bus
353 3000 599 3060 produffls.
1255 3035 1302 3080 X
1343 3044 1364 3088 3
2160 3026 2288 3073 Alius
