2531 3394
266 127 365 172 622
668 119 804 167 LIB.
847 120 939 166 IX.
1005 113 1427 198 aNATOMES
1471 114 1919 168 PERFECTIO.

184 292 193 299 ,,
267 251 429 299 bantes
451 263 554 310 apes
575 250 804 311 operariae,
836 265 933 297 non
956 250 1106 311 plures
1135 245 1365 300 trecentis,
1389 257 1594 301 norunt,
1626 244 1659 293 fi
1680 241 1753 294 Cl.
1781 248 1892 296 viris
1918 249 2088 306 credas,
2124 251 2329 314 reginam

269 311 352 364 fibi
378 326 649 373 procurare-,f
699 315 852 365 Voces
877 329 1014 376 apum
1038 310 1082 359 se
1103 308 1232 358 facile
1259 308 1546 373 distinguere.
1614 311 1729 358 Non
1745 311 1802 358 ab
1825 313 1906 360 alis
1931 313 2011 362 effe
2030 334 2044 370 3
2084 317 2210 366 laetas
2228 317 2330 366 dari·

271 379 315 428 δι
339 377 504 431 ῐτὶίὶεε,

807 515 844 564 §-
880 510 932 557 Μ
946 507 984 555 C
999 508 1037 555 C
1051 508 1099 555 X
1110 506 1190 554 XI
1204 506 1226 553 Ι
1239 506 1274 553 Ῑ.
1377 508 1624 555 Anatomici
1656 509 1790 554 varii.
1838 546 1841 549 .

406 627 456 673 C'.
478 623 524 672 ἴοι
550 626 700 674 Fossa
731 623 875 677 filius,
915 625 955 669 &
994 621 1086 683 ipse
1127 621 1330 669 medicus
1355 621 1679 675 veterinari'us,
1728 620 1870 669 edidit
1905 620 2035 670 Paris.
2073 629 2208 682 1766.
2244 620 2328 685 4*

273 687 413 736 &uide
436 688 495 735 du
525 689 752 736 Mareu-hal
834 694 1090 734 Anatomen
1114 688 1191 733 dat
1210 686 1415 732 animalis
1439 685 1698 749 universam
1713 720 1724 740 ‚
1762 702 1866 733 cum
1888 687 2113 741 iconibus,
2146 688 2197 734 in
2214 689 2326 750 pede

267 753 517 799 accuratis:
556 770 605 800 ea
630 765 836 800 anatome
861 768 960 797 nonx
988 751 1115 797 valde
1146 752 1200 796 ab
1233 750 1433 796 humana
1471 746 1635 796 differt.
1727 751 1888 798 Cordis
1916 752 2051 798 etiam
2078 750 2216 800 fibras
2251 753 2328 800 ha-

266 815 368 869 bet,
419 818 459 862 &
479 815 580 864 vasa
608 819 757 864 lactea.
827 816 992 863 Soricis
1020 813 1217 861 sceleton
1240 815 1450 860 delineat.
1520 814 1690 860 Velum
1716 816 1968 874 palatinum
1996 814 2154 877 sponte
2188 818 2276 865 iter
2301 834 2332 864 a

264 876 474 926 saucibus
500 883 546 926 in
572 898 620 927 os
645 879 814 927 claudit
831 914 842 933 ‚
876 891 930 926 ut
958 895 1101 939 equus
1130 877 1305 924 facilius
1332 894 1410 938 per
1437 894 1567 924 nares
1592 890 1761 925 vomat.
2260 900 2283 917 ν

399 962 468 1021 EJ.
527 966 656 1009 Cours
686 959 1020 1022 d’hippiatrique
1041 962 1095 1006 οἰι
1123 964 1257 1006 traite'
1275 959 1454 1020 complet
1480 959 1532 1004 de
1557 959 1829 1006 lamedecine
1859 960 1932 1006 des
1966 958 2158 1008 che-vaux
2206 963 2327 1011 Paris

268 1033 405 1083 1772.
432 1024 508 1071 fol.
535 1028 681 1072 RAST.
733 1023 1028 1085 Magnificum
1054 1041 1168 1084 opus
1182 1040 1285 1070 cum
1298 1021 1544 1084 splendidis
1563 1023 1729 1070 tabulis
1747 1025 1789 1078 &
1813 1036 2021 1070 anatome
2044 1027 2249 1073 animalis
2264 1028 2320 1073 ad

269 1105 435 1148 equum
464 1086 608 1149 ipsum
635 1089 836 1148 depicta:
877 1091 1075 1135 multum
1097 1087 1468 1134 emendationum
1495 1087 1544 1154 in
1566 1089 2004 1135 BOURGELATJUM.
2048 1088 2227 1135 Offium
2253 1089 2322 1137 hi-

265 1151 413 1200 storia.
464 1156 532 1200 Os
557 1152 780 1212 petrosum
810 1169 834 1199 a
861 1150 1098 1212 squamoso
1123 1151 1397 1204 constanter,
1431 1151 1566 1197 etiam
1580 1151 1629 1197 in
1648 1152 1807 1198 adulto
1822 1153 2030 1205 animale,
2061 1152 2324 1201 distinetum

269 1216 343 1263 est.
413 1218 635 1263 Dentiurn
658 1215 830 1266 fabrica
863 1219 904 1263 δι
927 1217 1206 1263 incrementa
1233 1227 1335 1262 ante
1366 1226 1546 1275 partum
1579 1217 1619 1262 &
1641 1216 1738 1276 post
1761 1228 1967 1276 partum:
2003 1217 2163 1277 utique
2186 1219 2322 1265 etiam

268 1296 386 1340 equo
427 1279 496 1327 sui
538 1280 645 1327 sunt
679 1281 839 1329 dentes-
879 1282 1011 1327 1εεῖὶεὶἸ
1039 1280 1232 1326 decidui.
1329 1281 1596 1338 Ligamenta
1638 1281 1871 1325 cervicalia
1904 1292 2040 1339 caput
2074 1280 2321 1329 retrorsum

266 1340 490 1390 ducentia'.
562 1346 740 1405 Utique
754 1343 1020 1392 metatarsus
1052 1345 1094 1389 &
1122 1343 1290 1404 digitus
1314 1344 1478 1397 unicus
1503 1359 1606 1389 cum
1635 1343 1814 1389 duobus
1843 1341 2039 1390 officulis
2073 1344 2322 1393 accessoriis-
2388 1353 2393 1358 ’

263 1406 486 1454 metatarsi
516 1408 571 1458 in.
592 1404 717 1469 equo
738 1408 857 1456 sssunt.
948 1408 1151 1455 Nomina
1190 1408 1397 1453 omnium
1431 1407 1615 1467 gallica,
1650 1408 1776 1454 nulla
1815 1424 1918 1452 cum
1956 1408 2107 1454 latinae
2149 1410 2317 1470 linguae

262 1472 521 1524 mentione,
558 1473 679 1532 quod
719 1471 1063 1519 incommodum
1104 1470 1179 1518 est.
1247 1472 1468 1531 Laryngis
1500 1468 1693 1517 musculi
1725 1472 1763 1516 ἃ
1802 1471 2115 1530 epiglottidi33
2171 1471 2318 1532 perfo-

262 1547 417 1581 rantes
445 1535 577 1595 digiti
608 1537 759 1583 ultimi
785 1540 825 1582 &
851 1535 1081 1596 perforati,
1115 1535 1257 1595 magis
1285 1548 1340 1581 ut
1372 1535 1578 1588 videtur,
1610 1551 1743 1593 quam
1767 1534 1816 1580 in
1840 1533 2027 1580 homine
2062 1535 2313 1596 compositi.

260 1597 392 1644 Vasa.
470 1600 561 1645 Cor
611 1599 723 1646 mihi
758 1616 1026 1660 perparvum
1057 1599 1251 1645 videtur.
1335 1599 1555 1659 Analogia
1592 1596 1802 1644 vasorum
1833 1614 1934 1644 cum
1971 1596 2182 1646 humanis
2213 1598 2321 1647 satis

262 1660 509 1709 manifesta.
581 1661 698 1709 Vasa
722 1665 914 1724 pedtoris
945 1666 984 1710 &
1009 1663 1203 1723 partium
1231 1663 1493 1723 genitalium
1517 1681 1527 1707 :
1560 1660 1835 1721 spermaticae
1855 1664 2026 1708 arteriae
2052 1663 2182 1709 valde
2201 1665 2320 1710 mul-

263 1725 434 1785 tiplices
457 1728 495 1772 &
518 1728 727 1773 intortae:
771 1740 897 1773 aorta
919 1743 1022 1774 vere
1047 1725 1321 1773 adscendens
1344 1729 1384 1773 ὃς
1409 1725 1695 1772 descendens.
1766 1728 1820 1772 In
1860 1724 2020 1786 hepate
2050 1725 2163 1773 fines
2203 1739 2317 1774 arte-

260 1790 430 1835 riarum
456 1790 628 1837 stellati.
698 1789 891 1851 Insignis
915 1806 1082 1837 corona
1110 1788 1335 1844 arteriosa‚
1360 1790 1568 1836 maximis
1594 1790 1727 1835 ramis
1752 1788 1890 1842 facta,
1933 1790 2048 1835 circa
2074 1807 2197 1836 oram
2225 1793 2319 1851 pel-

261 1852 333 1898 vis
362 1855 760 1907 concurrentibus,
797 1871 851 1900 ex
889 1871 977 1914 qua
1013 1869 1183 1900 corona
1216 1856 1387 1899 arteriae
1412 1854 1538 1913 penis
1572 1855 1800 1899 oriuntur.
1871 1854 2014 1899 Nervi
2038 1852 2111 1899 hic
2138 1856 2316 1914 parcius

263 1914 462 1975 expressi.
535 1916 742 1964 Viscera:
784 1935 913 1964 nares
943 1917 998 1964 ad
1028 1918 1348 1964 terebrandum
1386 1917 1596 1977 depietae,
1633 1929 1791 1963 contra
1827 1917 2074 1977 malignum
2105 1918 2319 1965 morbum

261 1979 341 2025 der
370 1992 469 2030 rotz
502 1981 761 2035 delineatae,
814 1999 905 2042 quo
940 1983 1056 2027 malo
1093 1982 1354 2026 membrana
1385 1982 1613 2042 pituitaria
1648 1982 1968 2040 corrumpitur.
2061 1982 2318 2029 Ventriculi

256 2041 384 2089 fibrae
405 2044 531 2090 bene.
601 2046 843 2091 Cerebrum
870 2046 1061 2092 humani
1081 2042 1184 2093 satis
1212 2043 1367 2091 simile.
1438 2046 1617 2092 Oculus
1637 2058 1902 2105 utcumque.
1973 2047 2183 2105 Denique
2201 2045 2316 2106 phy-

258 2105 443 2169 fiologia
475 2108 624 2169 'aliqua
649 2110 870 2157 animalis.
1915 2151 1918 2154 ⁴

388 2189 563 2249 EJUSD.
613 2192 910 2237 Diffiiomzaire
945 2189 1141 2249 raisonne'
1169 2189 1504 2251 cl'hz'ppiatrique
1537 2191 1658 2237 Paris
1693 2202 1826 2249 1773.
1895 2190 2045 2237 Video
2074 2192 2202 2252 queri
2234 2193 2314 2241 ali-

264 2269 407 2314 quos,
435 2256 687 2307 auctorem,
726 2272 778 2300 ex
805 2253 884 2301 suo
912 2272 1033 2302 cours
1065 2256 1259 2315 plurima
1284 2254 1358 2301 hic
1382 2253 1612 2314 repetiisse.

394 2333 590 2380 Richard
609 2335 1034 2388 devHAUTESIERK,
1072 2336 1232 2381 medici
1264 2336 1401 2396 regii,
1449 2335 1747 2394 Observations
1781 2335 1834 2382 de
1863 2336 2071 2384 medecine
2100 2338 2170 2384 des
2196 2337 2335 2400 lupi.-

258 2412 369 2447 taux
396 2399 619 2444 militaires
653 2400 772 2445 Paris
801 2407 930 2457 1766.
974 2402 1050 2457 4*
1120 2401 1234 2446 Utili
1262 2401 1470 2446 instituto
1506 2400 1732 2453 obtinuit,
1770 2411 1824 2446 ut
1852 2401 2016 2447 medici
2040 2400 2311 2449 Nofocomi-

260 2479 391 2509 orum
419 2463 683 2508 militarium
717 2465 1118 2524 meteorologicum
1153 2463 1345 2510 diarium
1364 2498 1375 2517 ,
1417 2464 1692 2524 morbosque
1715 2476 1952 2524 regnantes
1982 2467 2022 2511 &
2051 2466 2308 2512 adnotatio-

258 2543 338 2573 nes
364 2527 412 2572 in
442 2526 731 2573 cadaveribus
761 2526 907 2573 incisis
940 2526 1075 2574 facias
1111 2529 1400 2586 colligerent,
1438 2529 1493 2573 ad
1523 2526 1566 2582 se
1593 2529 1840 2574 mitterent.
1922 2529 1975 2574 In
2005 2530 2040 2575 I.
2071 2531 2306 2576 volumine

257 2589 450 2637 vesicula
479 2588 596 2636 fellis
625 2591 798 2637 modice
822 2593 1061 2637 contracta.
1131 2591 1244 2637 Vasa
1273 2591 1544 2652 lymphatica
1570 2593 1618 2637 in
1644 2608 1754 2638 cavo
1789 2591 1948 2652 hepate
1972 2592 2172 2638 humano
2201 2608 2309 2637 con-

255 2653 422 2715 spicua.
508 2654 561 2699 In
597 2652 763 2700 femina
792 2654 1084 2700 manantibus
1111 2653 1338 2702 mensibus
1373 2655 1615 2707 exstincta,
1664 2654 1881 2717 sanguine
1920 2658 2080 2716 plenus
2114 2668 2303 2708 uterus,

256 2717 520 2764 nembrana
548 2719 726 2764 interna
752 2719 883 2778 plena
904 2718 1077 2769 floccis,
1116 2734 1229 2776 quos
1260 2722 1391 2765 etiam
1416 2721 1463 2764 in
1496 2720 1724 2778 puerperis
1753 2721 1918 2765 videas.
1989 2719 2171 2765 Utilitas
2209 2735 2305 2779 per-

254 2781 528 2842 ssirationis.
596 2783 730 2828 Pauci
761 2783 925 2828 milites
956 2783 1157 2834 mortui,
1196 2798 1297 2827 cum
1327 2784 1453 2827 omni
1480 2781 1569 2828 fere
1598 2784 1749 2828 triduo
1777 2784 1990 2828 lavarent.

386 2863 522 2910 T.11.
561 2863 680 2909 Paris
705 2875 837 2921 1772.
872 2862 951 2922 4*
1016 2863 1141 2908 Inter
1171 2862 1429 2909 numerosas
1473 2863 1740 2911 cadaverum
1769 2861 2088 2912 morbosorum
2127 2862 2304 2910 incisio-

255 2940 345 2978 nes,
368 2926 517 2992 aliqua
544 2925 635 2976 huc
660 2926 839 2978 reseras,
907 2927 1020 2977 Lien
1049 2927 1099 2979 in
1124 2926 1282 2977 hernia
1312 2927 1574 2976 umbilicali.

2079 3007 2303 3070 Francesco
