2531 3394
848 127 895 188 ς.
932 143 1067 192 1097.
1110 136 1247 188 1098·
1308 128 1362 177 -V
1389 114 1436 177 'A
1469 129 1512 178 R
1545 129 1566 178 1
1597 129 1634 177 Ι.
2175 143 2266 193 43¹

213 247 549 311 quadricornis,
571 247 696 308 lepus
712 259 950 303 cornutus.
999 242 1336 294 Cricetiveficae
1355 244 1576 292 buccales.
1629 243 1820 291 Tabulae
1832 244 1940 294 sunt
1961 255 2079 305 1763
2115 248 2270 295 icones

203 312 446 374 aliquanto
469 314 632 373 plures.
701 310 1015 358 Commodum
1032 326 1146 370 opus
1166 307 1220 355 ad
1242 308 1566 369 comparandas
1595 305 1780 356 sceletos
1795 343 1808 362 ‚
1846 311 1888 355 &
1907 313 2170 358 communia
2192 314 2270 358 eii-

213 377 398 430 cienda,
440 388 575 436 atque
602 373 875 422 discrimina.
943 372 1050 422 Ossa
1066 374 1298 433 praelonga
1321 373 1492 434 linguae
1513 373 1600 433 pici
1621 407 1634 426 ‚
1660 385 1759 420 orta
1783 371 1838 419 ad
1861 373 2083 435 originem
2108 375 2238 422 rostri
2253 410 2265 428 ‚

212 442 328 488 circa
358 452 493 501 caput
512 439 743 492 conflexa,
775 441 816 486 &
837 439 1019 485 demum
1048 438 1098 482 in
1133 437 1336 497 linguam
1363 437 1655 484 confluentia.

347 526 524 569 Ottavio
549 522 785 569 NERUCCI
805 554 817 572 ,
855 516 1088 572 Senenfis‚
1127 518 1177 564 in
1212 519 1354 578 patria
1382 519 1621 566 Academia
1652 516 1934 572 Profefforis,
1975 520 2269 581 Letterefifico

210 585 396 633 mediche
440 588 585 633 Lucca
608 590 742 644 1748.
781 582 858 637 8.*
923 580 1265 643 Perspirationis
1300 581 1570 630 insenfibilis
1615 583 1974 629 diminutionem
2010 600 2106 629 non
2153 586 2269 630 tanti

208 648 306 704 effe,
337 667 483 711 neque
498 648 641 696 febres
665 646 807 694 facere
822 658 903 693 aut
923 646 1169 694 catarrhos.
1239 646 1486 708 Aethiopes
1512 649 1613 694 oleo
1639 648 1862 693 obundios
1891 664 1987 692 non
2009 645 2265 707 perspirare‚

208 712 268 760 fic
296 731 442 775 neque
465 714 714 760 borealium
734 711 974 772 regionum
996 711 1184 765 incolas,
1214 712 1264 757 in
1278 712 1426 772 rigido
1448 719 1546 758 aere
1561 727 1675 771 pene
1690 711 1858 757 nudos.
1927 710 2270 771 Perspirationis

208 781 442 826 materiem
458 776 549 825 fere
573 791 760 837 aqueam
773 773 867 822 effe.
935 777 1004 822 De
1019 773 1365 823 conservatione
1377 792 1626 837 corporum
1639 777 1903 821 animalium
1927 774 2007 822 sub
2021 775 2267 822 cineribus.

309 861 587 908 ‘MORANDI
620 859 880 906 MORANDI
907 862 1053 919 prima
1086 856 1244 904 decade
1281 857 1328 903 di
1355 858 1506 904 lettere
1520 857 1770 919 famigliari
1817 857 2000 904 Ferrara
2023 862 2141 915 1748
2188 856 2268 910 8.*

206 926 339 972 Sexta
366 923 426 970 est
449 923 502 969 de
523 922 778 982 aequilibrio
806 922 927 968 inter
949 934 1096 982 partes
1120 922 1323 981 corporis
1353 920 1547 968 humani
1579 920 1742 968 solidas
1773 922 1814 968 &
1847 921 2020 969 fluidas.
2089 923 2267 968 Octava.

207 989 261 1035 de
290 989 580 1051 generatione
609 988 651 1033 &
681 986 734 1032 de
756 984 938 1032 fetubus
963 1002 1018 1031 ex
1043 988 1166 1032 recto
1191 984 1407 1032 intestino
1437 985 1624 1033 educiis.

329 1074 377 1125 J,
397 1069 490 1128 Jafi
514 1069 755 1115 VERATTl
783 1065 852 1129 off
864 1065 1011 1130 flficho
1038 1065 1223 1113 mediche
1248 1072 1417 1114 interno
1442 1068 1526 1114 alla
1541 1069 1777 1115 elettricita
1806 1068 2010 1129 Bologna
2032 1064 2266 1127 1748.4.*

204 1136 274 1182 De
297 1136 344 1181 vi
368 1132 636 1193 penetrabili
663 1129 980 1184 balsamorum,
1012 1147 1114 1192 quae
1145 1132 1214 1178 vis
1244 1132 1449 1179 electrica
1471 1149 1548 1193 per
1572 1145 1722 1180 cutem
1750 1134 1853 1194 agit.

329 1213 508 1262 Nicolzw
535 1214 585 1260 de
609 1216 864 1261 GERVAISE
892 1213 963 1259 des
990 1215 1367 1261 LONGSCHAMPS
1399 1213 1690 1274 observations
1709 1213 1791 1272 sur
1817 1213 1864 1260 la
1891 1224 2048 1260 nature
2077 1211 2135 1259 du
2154 1212 2265 1276 fimg

200 1281 363 1328 Rouen
391 1285 526 1337 1748.
559 1290 630 1325 12.
701 1278 874 1325 Laudat
899 1279 1126 1332 PORTAL‚
1152 1278 1289 1324 audio
1312 1280 1446 1324 etiam
1477 1280 1616 1325 latine
1647 1278 1830 1324 exstare.

330 1358 617 1421 Theologische
645 1357 933 1420 medicinzsche
968 1359 1196 1407 Gedanken
1222 1360 1329 1406 iiber
1352 1359 1431 1405 das
1457 1362 1601 1421 Fasten
1631 1360 1805 1407 Madrit
1832 1366 1965 1417 1748.
2023 1360 2092 1406 Ita
2114 1360 2229 1420 lego.

296 1445 483 1560 8Bc28weg
506 1441 597 1488 und
618 1439 905 1505 Evforschtmg
927 1440 1004 1488 der
1020 1440 1316 1505 *betriiglichen
1338 1440 1666 1504 Jungfeischaft
1702 1439 1953 1489 Frankfurt
1964 1441 2061 1488 und
2077 1441 2261 1503 Leipzig

202 1518 293 1567 174
328 1543 338 1554 .
401 1545 412 1553 .
486 1521 632 1554 OECL.

325 1590 382 1636 In
405 1589 446 1651 J.
472 1590 695 1636 LOGHAN
734 1590 1029 1650 experimentis
1067 1587 1127 1646 ἓξ
1159 1588 1489 1636 meletematibm
1517 1592 1633 1637 circa
1657 1589 1913 1651 plantarum
1942 1592 2257 1650 generationem

195 1654 398 1703 Londini
423 1660 558 1712 1748.
583 1656 661 1706 8.*
699 1650 960 1699 defenditur
986 1652 1284 1714 panspermia.
2300 1664 2308 1671 ”

327 1733 443 1790 John
464 1735 631 1781 FRhKE
665 1731 771 1796 effizy
804 1750 857 1781 on
887 1733 955 1781 the
978 1747 1052 1781 art
1079 1736 1132 1796 of
1139 1734 1308 1797 heciling
1341 1734 1540 1783 London
1564 1741 1697 1795 1748.
1726 1733 1801 1789 8.*
1845 1734 2005 1781 Varias
2032 1732 2260 1795 hypothe-

196 1798 263 1847 ses
288 1798 461 1861 profert
482 1799 535 1844 de
563 1800 740 1860 origine
763 1799 887 1859 puris
905 1833 917 1852 ,
948 1816 1265 1853 verrucarum,
1301 1812 1396 1847 atra
1425 1800 1516 1845 bile
1546 1802 1628 1846 &c.

323 1882 636 1928 TELLlAMED
669 1879 777 1934 (DE
802 1881 1078 1938 MAILLET)
1114 1886 1357 1929 Entretiens
1385 1882 1490 1928 d’um
1514 1879 1754 1944 philosophe
1781 1879 1933 1926 ludim
1952 1897 2055 1926 avec
2079 1896 2138 1925 un
2159 1880 2258 1940 mis-

186 1945 402 2005 fionnaire
425 1947 622 2006 Franfoir
634 1944 716 2003 sur
745 1946 940 2006 l‘origine
970 1945 1021 1990 de
1048 1944 1266 1999 l'homme,
1303 1946 1466 2008 rediges
1484 1960 1573 2008 par
1585 1950 1632 2000 J.
1653 1950 1708 1991 A.
1731 1948 1786 1996 G.
1819 1943 2036 1990 Amsterd.
2062 1950 2194 2001 1748.
2212 1951 2256 1998 8.

191 2008 453 2057 Obscurum
480 2011 520 2055 ὃς
548 2007 791 2055 taediosum
810 2011 1046 2069 cmpaeciae
1072 2008 1304 2071 scriptum,
1343 2012 1424 2071 qui
1449 2011 1589 2057 nobis
1607 2011 1710 2056 vult
1736 2007 2015 2069 persuadere,
2043 2007 2254 2054 homines

194 2090 249 2120 ex
274 2074 386 2120 mari
415 2073 550 2126 oriri,
590 2075 631 2119 ἅτ
653 2074 762 2119 olim
792 2089 939 2119 meros
965 2071 1090 2120 fuiffe
1111 2077 1320 2121 tritones.
1391 2076 1564 2121 Omnia
1586 2090 1749 2134 genera
1773 2071 2048 2120 terrestrium
2086 2074 2258 2132 planta-

193 2153 298 2185 rum
329 2139 371 2184 &
400 2138 663 2184 animalium
691 2138 742 2183 in
774 2137 887 2182 mari
917 2139 1114 2197 reperiri.
1185 2140 1367 2188 Semina
1388 2139 1656 2185 animalium
1686 2139 1735 2185 in
1766 2140 1879 2183 mari
1912 2150 2079 2183 natare.
2159 2137 2261 2183 Ho-

195 2203 340 2250 mines
371 2201 579 2254 caudati‚
616 2203 804 2262 aliaeque
837 2199 1014 2248 fabulae.

319 2284 515 2345 Frcznfotk
531 2284 782 2338 PLANQUE
810 2281 1099 2345 Bibliotheque
1121 2283 1173 2331 de
1192 2285 1399 2333 medecine
1421 2290 1528 2332 tire'e
1553 2284 1623 2331 des
1649 2282 2136 2345 orzvragesperiodiques
2153 2299 2255 2329 avec

193 2346 396 2409 plusieurs
421 2359 567 2394 autres
584 2352 721 2409 pieces
736 2364 857 2394 mres
873 2344 931 2403 ἓξ
945 2347 1272 2411 desremarques
1285 2352 1407 2397 utiles
1433 2348 1491 2406 Εὖ)
1513 2354 1722 2408 curieujes
1746 2351 1802 2396 T.
1823 2348 1856 2394 I.
1875 2348 1996 2394 Paris
2016 2353 2150 2405 1748.
2172 2346 2255 2404 4.*

194 2414 392 2459 Enorme
419 2428 533 2471 opus
565 2413 749 2458 molitus
773 2428 940 2457 novem
971 2424 1122 2460 tomos
1148 2415 1290 2461 edidit
1313 2431 1425 2475 pene
1455 2415 1657 2473 undique
1686 2413 1954 2473 compilatos
1973 2445 1985 2464 ,
2024 2426 2119 2456 non
2160 2409 2252 2457 fine

196 2473 461 2522 confufione
489 2477 530 2520 ἃ
557 2474 755 2528 fabellis,
793 2476 1020 2521 decimum
1057 2478 1231 2524 addidit
1265 2480 1322 2524 D.
1350 2480 1578 2526 GOULiN.
1647 2477 1702 2523 In
1729 2478 1784 2523 T.
1806 2477 1841 2523 I.
1880 2473 2157 2536 potissimum
2197 2474 2251 2519 de

193 2552 325 2599 partu
357 2537 609 2599 longiffime
644 2537 892 2591 differstur,
941 2541 982 2586 &
1026 2540 1294 2588 monstrifici
1320 2556 1472 2603 partus
1509 2541 1695 2602 plurimi
1730 2538 2033 2587 recensentur.
2109 2537 2250 2584 T.11.

192 2603 316 2649 Paris
342 2616 476 2662 1749.
501 2604 582 2661 4.*
620 2602 675 2649 T.
698 2603 780 2648 111.
809 2614 945 2660 1750.
957 2603 1040 2662 4.*
1071 2604 1183 2652 &fic
1201 2622 1354 2667 porro.
1419 2608 1474 2654 In
1494 2607 1644 2654 T.111.
1675 2603 1891 2666 scriptum
1916 2605 1973 2651 D.
1993 2603 2249 2648 CLAUSOER

191 2666 245 2714 de
268 2665 438 2714 suturis
465 2678 622 2713 contra
650 2667 717 2712 Cl.
735 2667 990 2716 HUNAULD
1015 2669 1141 2716 dicit.

120 2808 124 2811 Α
326 2750 441 2798 Guil.
459 2749 565 2796 REY
577 2783 589 2801 ‚
611 2748 782 2795 Medici
794 2749 1124 2810 Lugdunensis,
1158 2751 1257 2811 disc.
1264 2751 1344 2812 fiir
1364 2753 1408 2800 la
1422 2750 1708 2810 transmiffi'on
1720 2750 1791 2798 des
1804 2747 2005 2795 maladies
2021 2745 2251 2794 hereditai-

192 2827 286 2864 res,
322 2818 396 2874 qui
432 2831 459 2859 a
494 2813 668 2859 balance
697 2813 734 2859 le
749 2818 862 2875 prix
896 2813 948 2860 de
973 2815 1147 2862 l’Acad.
1178 2817 1231 2863 de
1257 2819 1393 2876 Dijon
1433 2836 1482 2863 en
1514 2823 1650 2876 1748.
1724 2811 1902 2873 Absque
1926 2813 2026 2858 loco
2058 2813 2101 2858 ὅς
2125 2827 2247 2858 anno

196 2874 344 2921 editus
368 2877 424 2922 ab
452 2878 748 2939 Ant.Louls,
784 2893 889 2924 cum
914 2876 1066 2926 fimilis
1100 2883 1356 2941 argumenti
1386 2879 1629 2942 opusculis.
1722 2878 1790 2925 Ad
1825 2875 1970 2922 fetum
1995 2875 2248 2936 producen-

197 2935 307 3007 dum
336 2939 388 2984 ab
412 2952 609 3001 utroque
633 2953 817 3001 parente
847 2940 1087 2991 humorem
1116 2945 1371 2998 confluere3
1407 2946 1541 2991 maris
1570 2944 1784 2990 humores
1813 2957 1917 2986 cum
1945 2938 2127 2986 feminae
2161 2938 2243 2985 hu-

195 3000 397 3050 moribus
420 3006 725 3066 amalgamztri.
807 3004 941 3056 Nihil
966 3024 1125 3057 verum
1159 3007 1238 3058 effe
1265 3012 1314 3059 in
1336 3008 1673 3072 imaginationis
1702 3004 1875 3055 viribus
1907 3003 2051 3054 fetum
2073 3003 2246 3113 figyllaan-

2108 3080 2145 3115 tl
2176 3084 2243 3114 us:
