2531 3394
669 105 720 166 ς.
759 112 1074 170 1165.1166.
1139 107 1482 159 WALTER.
1548 110 1783 162 VARn.
2150 126 2250 177 5137

190 247 312 293 &ore
342 243 385 290 &
411 240 531 302 pelvi
553 243 779 289 connatis.
862 243 920 290 In
949 253 1156 290 accurata
1179 239 1461 302 potiffirnum
1489 240 1788 303 descriptione
1816 262 2085 307 magnorum
2105 244 2238 311 vasos

188 324 292 357 rum
309 306 450 368 hujus
473 304 621 360 fetus,
656 304 892 354 manifesto
919 307 1126 366 adparet,
1163 307 1293 351 nullo
1318 321 1416 351 non
1437 318 1640 366 ternpore
1667 323 1764 353 eam
1790 309 1830 355 ei
1852 308 2063 358 fabricam
2087 311 2231 366 fuiss'e,

187 387 291 419 cum
321 387 410 431 qua
439 383 573 417 natus
596 369 671 416 est.
741 372 834 417 Cor
859 372 1073 422 unicum,
1107 367 1289 416 duobus
1320 370 1601 417 ventriculis.
1669 371 1738 417 Ex
1776 374 1934 419 eodem
1976 377 2232 423 ventriculo

185 434 423 496 posteriori
447 436 618 495 prodiit
648 445 774 481 aorta
800 434 929 481 alteri
946 431 1266 491 fetuipropria
1284 450 1298 478 ι
1343 433 1505 480 arteria
1525 436 1802 494 pulmonalis
1821 453 1918 483 non
1943 437 2108 485 inserta
2133 456 2234 486 aor-

185 510 275 552 tae,
307 496 381 544 sed
405 515 532 544 ramo
563 499 928 549 communicans,
962 513 1019 542 ex
1051 511 1144 556 quo
1173 497 1312 542 altera
1337 499 1532 550 carotis,
1574 497 1799 546 subclavia
1833 499 2018 554 sinistra,
2056 502 2230 557 dextra,

189 564 233 609 δε
259 560 360 609 vasa
387 564 643 609 communis
667 561 807 621 pelvis
833 563 876 607 ἃ
898 561 1059 606 arteria
1087 559 1211 619 pedis
1229 561 1367 607 tertii.
1436 562 1537 608 Ren
1557 564 1641 609 uni
1659 561 1775 609 fetui
1800 565 1981 617 unicus,
2012 567 2138 611 alteri
2153 566 2235 612 du-

184 628 303 686 plex.
372 627 724 686 Receptaculum
746 625 984 684 peculiare,
1010 624 1228 684 recipiens
1263 637 1485 671 ureterem
1508 627 1724 680 alterum,
1758 630 1800 674 ὅς
1827 629 1936 674 dans
1961 629 2236 688 conjuntstoe

187 689 350 736 dudtus
380 687 656 741 deferentes,
692 699 841 734 totum
863 699 1023 734 caetera
1040 703 1222 734 caecum.
1289 689 1411 734 Cava
1436 706 1553 735 vena
1578 688 1698 737 fetus
1723 693 1963 738 anterioris
1982 690 2087 745 fiffa,
2117 693 2235 750 ejus-

190 770 278 813 que
301 769 400 813 pars
427 769 541 799 vena
569 751 629 798 est
654 766 806 812 azyga.
877 749 1135 798 Confirmat
1161 763 1368 798 accurate
1385 787 1398 806 ,
1435 753 1596 800 dustus
1620 752 1842 802 ladtiferos
1873 772 2080 801 mammae
2105 756 2236 801 nullo

184 819 355 864 circulo
376 815 609 877 conjungi.
701 814 787 862 Sed
818 831 965 876 neque
1003 816 1122 861 inter
1151 814 1473 862 minutiffimos
1498 815 1702 864 surculos
1732 817 1954 866 ladiiferos
1980 821 2126 865 ullum
2153 816 2236 865 efl‘e

189 881 524 927 commercium.
595 879 714 925 Cum
740 877 853 925 vafis
881 877 1166 939 lymphaticis
1195 881 1352 940 utique
1385 878 1582 926 ladiifera
1607 884 1972 937 communicant,
2012 882 2107 929 haec
2129 897 2241 928 cum·

186 942 296 990 valis
322 943 482 990 rubris.
551 941 758 990 Uraehus
786 944 978 989 omnino
1013 959 1150 989 cavus
1173 944 1216 989 &
1245 955 1454 1004 apertus,
1497 961 1574 1003 per
1612 943 1872 993 funiculum
1904 947 2088 994 ramulis
2117 961 2235 992 non-

183 1008 322 1054 nullis
349 1004 534 1054 divisus.
601 1008 834 1054 Accuratae
856 1022 1076 1053 venarum
1103 1004 1260 1060 faciei,
1295 1008 1454 1068 capitis
1480 1009 1527 1054 ὃς
1556 1010 1663 1055 colli
1685 1010 1866 1058 tabulae.
2101 1064 2121 1085 Q

880 1133 928 1191 §.
967 1136 1284 1184 MCLXVI.
1391 1142 1527 1187 Varii.

312 1231 574 1294 Phyfiologia
598 1231 653 1294 of
669 1231 1022 1295 natuurk'undige
1049 1233 1290 1296 ontleeding
1316 1252 1404 1281 van
1430 1234 1503 1282 het
1524 1236 1778 1299 menschelyk
1812 1236 2000 1301 lighaam
2033 1254 2156 1286 waar
2186 1243 2237 1286 in

180 1297 357 1359 deszelfic
374 1297 569 1346 maakzel
578 1296 769 1359 werking
787 1296 882 1353 &a
895 1297 1124 1344 verlilaart
1134 1297 1359 1358 wordstuk
1371 1299 1406 1345 I.
1424 1300 1482 1346 II.
1498 1301 1580 1347 HI.
1601 1303 1819 1349 Amsterd.
1846 1316 1980 1361 1757.
2003 1317 2086 1361 175
2097 1310 2138 1357 8.
2157 1305 2233 1356 8.*‘

184 1367 318 1419 1769.
346 1368 390 1414 8.
459 1364 630 1407 Aucstor
652 1363 839 1422 ignotus
866 1361 1109 1422 discipulus
1137 1366 1320 1409 ALBINI
1337 1396 1349 1415 ,
1379 1362 1495 1410 nihil
1511 1376 1666 1411 tamen
1684 1367 1811 1412 valde
1832 1365 2053 1427 fingulare
2074 1366 2227 1413 habet.

179 1425 312 1472 Ordo
338 1426 623 1484 aliquantum
647 1426 762 1471 alius
781 1441 805 1470 a
831 1426 1266 1479 BOERHAAleNO.
1340 1427 1502 1486 Aliqua
1529 1429 1583 1474 de
1608 1428 1779 1476 fabrica
1806 1431 2085 1491 papillarum.
2134 1431 2231 1477 Ple·-

176 1505 342 1549 rosque
366 1489 483 1549 pilos
509 1490 559 1535 in
584 1487 676 1549 ipsa
695 1501 796 1535 cute
821 1487 955 1535 nasci.
1023 1490 1212 1549 Papillas
1236 1490 1431 1544 narium,
1459 1494 1642 1553 exiguas
1663 1494 1861 1553 quidem,
1893 1493 2087 1541 subinde
2115 1493 2234 1554 poffe

179 1551 391 1613 conspici.
458 1553 528 1599 Ex
552 1554 752 1602 ALfflNo
779 1553 946 1598 lamina
971 1551 1201 1599 vasculosa
1227 1554 1400 1608 retinae,
1433 1557 1475 1602 ἃ
1501 1558 1710 1604 arteriola
1738 1557 1955 1617 posterior
1975 1559 2112 1605 lentis
2134 1575 2231 1618 cry-

176 1615 378 1664 stallinae.
450 1617 662 1663 Vortices
685 1616 956 1663 chorioideae
978 1617 1145 1664 tunicae
1170 1619 1284 1663 male
1310 1635 1389 1677 pro
1417 1620 1638 1667 arteriosis
1662 1621 1779 1668 dati:
1816 1635 2025 1669 caeterum
2053 1623 2105 1667 de
2126 1639 2229 1668 ner-

174 1681 244 1727 vis
273 1697 369 1727 non
394 1682 535 1734 bene,
571 1697 719 1740 neque
746 1680 799 1726 de
821 1681 894 1739 pia
918 1693 1060 1727 matre
1079 1682 1209 1727 nervi
1235 1682 1388 1742 optici.
1460 1682 1622 1730 Sensus
1653 1686 1824 1731 interni
1851 1703 1905 1732 ex
1934 1685 2097 1732 nostris
2129 1690 2228 1748 pri-

175 1745 248 1789 mis
272 1745 399 1791 lineis.
467 1746 538 1790 De
567 1745 860 1805 generatione
885 1743 1001 1791 nihil
1019 1746 1257 1804 peculiare.
1321 1747 1587 1794 Membrana
1603 1750 1802 1795 exterior
1820 1752 2035 1810 placentae
2059 1749 2227 1796 refuta-

175 1819 264 1856 tur.
311 1807 575 1855 Musculum
600 1820 807 1869 agentem
828 1818 983 1854 tamen
1007 1824 1104 1854 non
1128 1807 1375 1869 pallescere.

301 1888 498 1952 Jofhphus
519 1888 894 1938 BENEVENUTUS
920 1888 1146 1943 Lucensis,
1175 1893 1332 1938 Luccae
1361 1905 1498 1951 1757.
1524 1896 1599 1947 82*
1625 1895 1765 1941 edidit
1789 1893 1883 1941 diss.
1914 1893 1972 1951 {229
1995 1899 2228 1958 quaestion&

174 1953 354 1999 medicas
381 1960 424 2000 in
449 1953 752 2016 Monspelienfi
773 1959 915 2013 Lycaeo
945 1953 1003 2009 ἓξ
1032 1959 1078 2000 in
1105 1954 1303 2012 Parifinis
1329 1955 1477 2016 scsso-lis
1503 1957 1713 2020 dzsc'zrffizs.
1782 1960 1907 2005 Inter
1943 1977 2013 2007 eas
2045 1962 2104 2007 est
2133 1963 2226 2009 Bu·-

176 2032 289 2064 T1N1
314 2018 366 2063 de
385 2017 761 2070 inflammatione,
793 2020 835 2064 <Sc
863 2016 1031 2079 septem
1057 2017 1325 2078 quaestiones
1346 2020 1552 2068 Parifinae
1578 2039 1603 2068 a
1628 2023 1761 2069 nobis
1781 2023 1909 2069 didtae
1926 2058 1938 2076 ‚
1977 2026 2225 2073 anatomici

176 2083 218 2128 &
244 2080 541 2142 phyfiologici
571 2083 843 2143 argumenti.

299 2164 374 2224 EJ.
417 2163 768 2222 Observationum
792 2164 1132 2220 medicinalium,
1181 2183 1268 2227 quae
1302 2173 1527 2216 anatomiee
1552 2168 1842 2230 fitpeistrzzfft'ae
1868 2169 2001 2228 fimi,
2038 2171 2153 2218 Coll.
2184 2172 2223 2221 I.

174 2242 275 2287 quae
290 2227 551 2274 morborum
565 2226 715 2274 causa-s
727 2231 1043 2288 compleffltur
1057 2229 1245 2276 disseritis
1258 2232 1551 2280 cadaveribus
1565 2234 1819 2287 illustratas,
1844 2236 2000 2280 Luccae
2022 2241 2154 2294 1764.
2174 2249 2221 2294 4.

299 2309 340 2370 J.
354 2305 403 2356 B.
420 2309 613 2356 CARENI
630 2309 681 2356 de
694 2311 801 2356 ae'rzis
812 2309 991 2372 ingrqffu
1004 2313 1164 2372 ejusque
1175 2313 1264 2371 usu,
1291 2314 1449 2360 circulo
1464 2312 1522 2370 l&
1535 2315 1697 2360 elatere
1721 2315 1974 2362 Mediolani
1992 2328 2128 2375 1757.
2145 2315 2225 2370 8.*

172 2372 334 2435 Aerem
363 2370 443 2418 effe
470 2373 741 2433 praeeipuam
769 2373 1030 2434 digestionis
1052 2374 1245 2422 causam.

295 2456 394 2507 Jac.
419 2453 683 2500 BELGRAm
717 2456 759 2501 &
791 2455 1071 2503 HESSERLIZ
1093 2457 1176 2516 full
1201 2457 1284 2504 dell
1314 2459 1420 2520 infla
1454 2476 1477 2505 o
1513 2458 1627 2521 degli
1664 2461 1766 2520 astri
1795 2462 1858 2506 κε’
1879 2464 1998 2521 corpi
2028 2462 2224 2522 terrestri

169 2514 318 2564 Padoa
343 2528 479 2575 1757.
506 2529 557 2575 4.
606 2518 778 2564 Contra
805 2534 910 2564 eum
935 2519 1179 2566 influxum.

301 2598 524 2657 Francesco
544 2598 752 2645 CASELLI
780 2599 824 2644 la
836 2600 1059 2659 struttura
1084 2600 1156 2647 del
1176 2613 1300 2662 corpo
1323 2619 1477 2649 umam>
1508 2603 1695 2650 Pirenza
1717 2616 1850 2662 1757.
1874 2602 1953 2658 8.*
1986 2606 2137 2651 Nobis
2160 2606 2223 2653 ob

165 2661 780 2771 inventamkirritabilitatem
807 2664 849 2708 &
873 2666 1120 2711 multarum
1139 2667 1337 2725 partium
1366 2668 1567 2727 corporis
1592 2665 1977 2715 insensibilitatem
2000 2666 2130 2715 suum
2153 2669 2218 2716 fa-

169 2740 325 2771 vorem
348 2727 408 2772 tei
433 2737 549 2772 atur.

301 2805 462 2854 Thomae
487 2808 781 2856 LAWRENCF.
811 2807 991 2871 hydrops
1015 2808 1252 2871 dzffertatio
1281 2810 1444 2858 medica
1492 2813 1687 2859 London
1713 2824 1848 2869 1757.
1877 2810 1956 2865 8.*
1996 2813 2215 2863 STAHLII

169 2865 439 2918 sententiam
461 2869 665 2931 sequitur
679 2906 691 2925 ‚
721 2874 763 2919 &
783 2876 944 2919 animae
965 2874 1297 2934 providentiam
1317 2876 1479 2922 tribuit
1495 2910 1506 2929 ,
1546 2878 1587 2922 ἃ
1611 2875 1762 2922 media
1781 2874 2004 2936 sapienter
2033 2880 2185 2927 eledia.

294 2951 369 3010 EJ.
399 2952 683 3000 Praeleiiiones
703 2954 867 3004 medicae
889 2954 1112 3004 duodecim
1147 2956 1343 3004 London
1366 2970 1501 3016 1757.
1536 2956 1615 3011 8.*
1682 2959 1752 3005 De
1784 2958 1939 3007 nervis
1968 2974 2216 3020 eorumque

234 3013 387 3072 (Bibl.
413 3017 549 3066 Anat.
577 3021 628 3066 T.
649 3019 742 3080 II.)
1256 3020 1302 3066 Y
1321 3036 1353 3079 y
1384 3038 1416 3080 y
2027 3025 2213 3073 morbis.
