2531 3394
300 135 362 177 16
682 88 1049 207 imbrus.
1134 123 1504 175 ANATOME
1553 124 1920 174 uoci-101³.
1981 138 1993 144 ·

425 253 487 303 N.
507 266 611 314 304.
654 255 770 303 guil.
796 255 1000 302 OILIVER
1023 253 1183 300 relatio
1205 253 1258 300 de
1279 251 1446 315 juvene
1469 249 1548 315 per
1569 253 1742 313 aliquot
1768 251 1940 301 menses
1961 255 2004 302 &
2029 254 2222 319 repetito
2250 255 2352 304 dor-

295 317 479 372 miente,
503 335 650 380 neque
675 320 770 366 ullo
794 317 933 364 modo
960 317 1197 363 excitabili.
1217 329 1240 344 ²

425 401 488 448 N.
503 407 611 459 285.
645 399 779 448 IDEM
808 398 861 445 de
887 396 983 444 fetu
1003 396 1179 457 lapideo
1204 397 1449 445 Senonenfi
1470 397 1651 445 Hafniae
1674 396 1787 446 viso.

427 481 488 527 N.
506 487 610 534 286.
654 481 797 528 Caroli
817 480 963 526 Ems
993 478 1303 525 testimonium
1323 478 1377 525 de
1405 481 1554 540 puella
1575 478 1733 534 surda,
1773 497 1908 540 quam
1927 481 1971 542 J.
1996 482 2259 532 AMMANUS
2283 485 2350 531 lo-

299 542 380 603 qui
410 543 580 591 docuit.
648 546 719 591 De
737 543 917 589 duobus
943 540 1125 589 fetubus
1147 544 1378 596 connatis,
1415 543 1469 589 de
1488 559 1629 604 puero
1652 543 1765 591 iride
1799 546 1958 598 lacera,
1983 545 2270 608 imaginarias
2300 549 2352 594 li-

299 618 417 654 teras
450 620 742 669 expnmente.

424 690 487 735 N.
511 695 617 743 288.
656 691 904 736 ΑΠΟΝΥΜι
930 684 1169 746 descriptio
1196 674 1493 746 polyporum,
1531 690 1574 734 &
1603 688 1764 735 melior
1796 705 1931 750 quam
1957 690 2353 750 LEEUWENHQE-

299 765 409 800 exn
448 752 703 798 delineatio.
770 753 883 798 Non
915 752 1115 811 neglecta
1151 751 1346 797 mutatio
1385 749 1542 812 figurae
1574 752 1626 799 in
1662 753 1845 814 longam
1880 769 1935 800 ex
1968 751 2101 811 cgafl'a
2131 755 2174 801 ἃ
2207 753 2350 802 brevi.

297 816 434 863 Fetus
458 832 513 862 ex
537 818 673 862 latere
697 815 988 876 prodeuntes.

423 897 479 943 In
507 897 603 943 Aa.
640 901 724 946 Lit,
746 896 887 942 Muris
908 892 1050 942 Balth.
1074 896 1140 943 M.
1162 893 1359 942 Octobri
1382 892 1594 941 Matthias
1629 894 1846 944 Friderich
1868 897 2166 947 SCHNEIDER
2197 897 2252 945 de
2280 896 2354 946 fu-

299 959 408 1008 dore
439 960 665 1006 cadaveris
691 959 797 1019 agit.
2359 979 2363 983 .

423 1043 492 1089 Μ.
515 1041 624 1087 Dec.
651 1045 698 1095 J.
728 1040 900 1090 conrad
917 1041 1278 1088 TIEFEENBACH
1313 1038 1366 1085 de
1396 1039 1520 1094 ονὶε,
1563 1037 1595 1086 fi
1615 1040 1707 1087 diis'
1721 1041 1891 1101 placet,
1922 1057 1947 1087 a
1969 1041 2070 1088 viro
2094 1040 2267 1104 politis.

774 1168 818 1226 ς.
862 1160 1308 1216 DCCLXXVII.
1378 1165 1595 1223 ,Iohannes
1625 1168 1851 1221 FREJND‚

424 1267 633 1315 Medicus
663 1267 866 1314 eruditus
892 1268 933 1313 ἃ
955 1262 1192 1326 gratiosus,
1221 1264 1301 1324 qui
1321 1264 1602 1324 aliquamdiu
1619 1264 1669 1310 in
1690 1264 1888 1310 exercitu
1911 1263 2057 1325 Regio
2080 1265 2352 1314 medicinam

297 1329 417 1378 fecit.
487 1334 606 1392 EJUS
629 1332 935 1391 Emmenologia
958 1334 1000 1374 in
1022 1345 1107 1389 qua
1121 1328 1264 1391 fluxus
1283 1332 1481 1389 menstrui
1497 1326 1792 1388 phaenomena,
1823 1328 2022 1389 periodi,
2060 1333 2177 1390 vitia
2198 1329 2258 1375 ad
2279 1347 2354 1376 ra-

295 1400 426 1441 tiones
455 1394 714 1442 meclmnicas
743 1399 975 1455 exiguntur
1021 1395 1179 1439 Oxon.
1209 1403 1342 1450 1703.
1370 1390 1447 1445 8.*
1488 1391 1601 1450 saepe
1634 1390 1788 1437 recusa
1818 1392 1962 1437 Lond.
1997 1403 2127 1447 1720.
2155 1399 2196 1446 8.
2233 1395 2350 1440 Nxc.

295 1458 540 1504 Amstelod.
561 1464 695 1516 1726.
720 1465 759 1512 8.
790 1460 867 1504 PL.
904 1455 1028 1503 Leid.
1050 1468 1181 1512 1750.
1203 1461 1244 1508 8.
1286 1453 1418 1501 Paris
1441 1466 1575 1512 1727.
1603 1465 1673 1500 12.
1729 1455 1902 1501 Gallice
1924 1453 2049 1500 versa
2074 1472 2099 1500 a
2127 1455 2178 1501 de
2197 1456 2350 1504 VAUX

295 1521 419 1568 Paris
436 1534 568 1580 1727.
589 1534 660 1568 12.
701 1534 926 1579 173012.
969 1525 1102 1577 1738.
1123 1530 1191 1565 12.
1260 1517 1489 1566 Menfium
1522 1517 1696 1564 fluxum
1728 1517 1928 1578 pethorae
1961 1518 2158 1578 imputat
2173 1531 2190 1571 ‚'
2221 1536 2353 1579 argu-

296 1596 453 1631 mento
482 1602 507 1631 a
530 1585 761 1645 posteriori
792 1584 1012 1635 deduciO,
1050 1599 1152 1629 cum
1179 1594 1250 1628 tot
1279 1583 1427 1628 unciis
1461 1579 1693 1642 sanguinis
1723 1579 1887 1628 amiflis
1917 1582 1966 1627 in
1987 1580 2167 1627 feminis
2198 1593 2352 1629 tamen

295 1646 394 1708 post
424 1664 597 1695 annum
625 1650 886 1695 revolutum
922 1644 1150 1692 sufficiens
1179 1644 1410 1707 sanguinis
1439 1661 1584 1706 penus
1619 1643 1817 1704 superfit.
1885 1646 2087 1691 Nimiam
2117 1644 2225 1692 facit
2253 1644 2352 1692 san-

297 1712 449 1772 guinis
472 1713 674 1772 copiam,
712 1713 792 1773 qui
819 1710 1128 1758 menstruatim
1151 1710 1412 1762 amittatur,
1449 1709 1503 1755 ad
1536 1721 1611 1755 20.
1634 1709 1805 1755 uncias.
1850 1768 1852 1770 η
1875 1709 2061 1754 Aortam
2087 1706 2352 1755 inferiorem

297 1776 347 1822 in
369 1773 550 1822 feminis
575 1777 839 1836 ampliorem
862 1773 957 1821 effe.
1030 1772 1171 1825 Vasa,
1206 1790 1305 1832 quae
1328 1788 1432 1819 cum
1455 1770 1719 1832 sanguinem
1744 1772 2027 1818 dimitterent
2047 1805 2059 1824 ‚
2093 1773 2246 1831 rumpi
2266 1789 2350 1833 pu-

297 1850 386 1890 tat,
436 1855 485 1884 ea
522 1841 673 1898 potius
704 1840 918 1886 videntur
949 1838 1137 1883 dilatari.
1222 1837 1330 1882 Vim
1351 1836 1520 1882 stimuli
1540 1836 1742 1896 negligit.
1812 1837 1931 1881 Cum
1957 1833 2173 1894 sanguine
2193 1835 2354 1882 huma-

300 1918 363 1947 no
400 1903 439 1947 c&
471 1903 605 1948 variis
634 1902 774 1949 succis
808 1902 1111 1961 experimenta
1142 1899 1338 1946 instituit
1366 1898 1534 1950 facere,
1579 1911 1633 1945 ut
1664 1915 1718 1944 ex
1753 1899 2087 1944 mutationibus
2116 1896 2351 1959 sanguinis

297 1965 392 2011 vim
421 1966 638 2025 cujusque
665 1965 982 2012 medicamenti
1009 1962 1226 2017 definiat,
1270 1981 1359 2024 qua
1389 1961 1656 2023 sanguinem
1687 1960 1870 2009 solvunt
1890 1974 2136 2022 coguntve‚
2173 1975 2253 2010 aut
2272 1964 2351 2009 ali-

300 2039 368 2074 ter
392 2040 587 2075 mutant.

428 2110 502 2169 EJ.
547 2114 695 2157 Oratio
717 2109 1015 2169 anniversaria
1042 2110 1358 2170 HARVEJANA
1392 2107 1588 2154 Londin.
1616 2119 1748 2166 1720.
1770 2119 1815 2166 4.

426 2190 934 2250 111Hffl07*ia'hse.iici72.e
954 2189 1067 2250 saepe
1088 2189 1262 2242 recusa,
1299 2188 1431 2235 etiam
1446 2190 1616 2236 Gallice
1642 2187 1791 2242 versa,
1829 2188 1978 2248 aliqua
1994 2186 2085 2235 huc
2103 2188 2349 2247 pertinent,

299 2263 352 2298 ut
380 2269 480 2312 quae
510 2254 564 2298 de
595 2253 985 2313 aneurysmatibus
1019 2252 1212 2312 profert,
1251 2256 1292 2299 ἃ
1320 2253 1374 2298 de
1406 2253 1605 2312 deliquio
1636 2253 1690 2305 ab
1718 2250 1880 2297 emissis
1911 2252 2038 2311 aquis
2070 2250 2350 2312 hydropicis.

297 2318 462 2375 Aliqua
486 2317 539 2362 de
558 2317 849 2363 incr-ementis
872 2330 1102 2362 anatomes
1125 2315 1262 2362 seculi
1281 2317 1390 2362 XV.
1460 2316 1715 2362 Circuitum
1738 2314 1969 2375 sanguinis
1998 2315 2225 2361 veteribus
2256 2331 2355 2362 non

298 2379 553 2426 innotuifl'c.
622 2379 738 2426 Vasa
761 2383 895 2426 lactea
917 2380 965 2424 in
987 2377 1133 2425 craffis
1147 2381 1282 2426 etiam
1302 2378 1526 2424 intestinis
1547 2379 1748 2438 reperiri,
1773 2380 1814 2424 &
1836 2379 1921 2424 alia
1943 2376 2098 2438 paffim
2119 2377 2348 2425 adnotata.

435 2464 573 2522 Opem
594 2465 733 2508 omnia
759 2459 870 2521 stepe
891 2458 1044 2506 recusa
1064 2458 1171 2507 sunt
1203 2457 1339 2506 Paris.
1361 2457 1591 2518 1735.4.*
1621 2459 1744 2506 Leid.
1767 2470 1897 2518 1734.
1914 2460 1955 2506 &
1975 2457 2170 2518 1750.‘8.
2198 2459 2353 2517 3.Vol.

2358 1220 2377 1228 s

764 2585 809 2642 §.
844 2588 1321 2635 DCCLXXVIII.
1399 2583 1644 2646 Christianus
1678 2586 1877 2639 WOLP,

428 2682 752 2743 PhilosophuS‚
798 2683 998 2730 florentis
1030 2682 1156 2728 seffilae
1186 2678 1364 2736 audior,
1402 2683 1480 2742 qui
1518 2683 1568 2726 in
1600 2680 1830 2728 universas
1865 2680 2119 2741 discipli-nas
2154 2677 2352 2728 severam

301 2746 565 2793 methodum
581 2782 592 2800 ,
631 2745 921 2793 definitiones
948 2759 1199 2799 accuratas,
1239 2750 1278 2793 ἃ
1299 2746 1574 2793 theoremata
1598 2745 1953 2791 theorematibus
1973 2745 2133 2790 innixa
2152 2746 2350 2791 reduxit.

302 2809 462 2856 Paffim
500 2809 836 2871 physiologica,
885 2811 1020 2856 etiam
1061 2813 1313 2856 anatomica
1349 2811 1521 2870 adtigit.
1608 2810 1723 2869 Ejus
1762 2808 1902 2854 exstat
1939 2807 2063 2868 Difp.
2098 2807 2150 2854 de
2183 2809 2349 2870 loquela

311 2878 526 2930 1703.4*

433 2953 606 3002 Deinde
626 2956 676 3002 in
702 2953 892 3017 physicis
913 2952 1002 3004 suis
1031 2954 1196 3004 libellis
1227 2955 1371 3002 multa
1390 2951 1481 3001 huc
1508 2950 1718 3003 facientia
1741 2951 1947 3014 protulit.
2251 3015 2291 3065 V

1376 3048 1379 3049 γ
2287 3033 2352 3064 er-
