2531 3394
672 108 710 161 §.-
751 112 866 162 1281
901 131 964 140 —-
1005 112 1135 164 1283.
1212 106 1462 156 CORTI.
1532 107 1767 157 VARII.
2167 122 2260 171 711

826 235 872 293 §.
908 237 1378 290 MCCLXXXII.
1476 237 1622 300 Angli.

327 340 476 390 ,sames
500 336 636 382 LIND
665 352 718 382 on
735 335 884 396 severs
912 334 1002 380 and
1023 335 1219 395 infefflon
1255 333 1401 380 Lond.
1430 346 1557 393 1774
1596 331 1674 388 8.*
1743 337 1898 383 Serum
1927 338 1975 384 in
2001 338 2120 387 febre
2148 340 2263 389 flava

202 388 468 449 Americana
494 399 687 446 saturate
710 399 859 448 flavet.
929 400 1039 454 Quo
1067 399 1166 456 plus
1193 399 1243 443 in
1269 395 1488 459 sanguine
1525 398 1681 444 crustae
1712 399 1773 445 est
1800 402 2008 450 coriaceae
2025 439 2036 457 ,
2075 421 2128 450 eo
2159 423 2264 464 gru-

201 481 302 511 mus
335 464 394 510 est
420 466 616 510 mollior.
688 464 779 510 Sub
806 478 858 507 eo
884 463 1006 507 corio
1037 462 1243 520 placenta
1267 461 1328 507 est
1354 460 1614 523 sanguinea.
1686 465 1873 510 Corium
1912 465 1964 512 fit
1995 484 2018 513 a
2048 470 2259 529 lympha,

202 546 290 589 qua
336 526 529 578 secessit,
582 530 624 573 &
657 544 681 572 a
709 524 941 586 sanguine.
1046 526 1202 571 Serum
1234 526 1330 572 abit
1369 527 1419 572 in
1458 526 1769 573 membranam
1812 528 2030 576 elasticam
2069 535 2109 578 ἃ
2138 546 2264 579 tena-

199 609 309 639 cem.
367 590 557 638 Infectio
572 591 816 650 percipitur
830 588 884 633 ab
899 589 1079 648 ingrato
1098 589 1251 642 odore,
1277 590 1416 649 quiin
1437 591 1741 637 ventriculum
1757 590 1998 638 descendit.
2068 596 2259 650 Gluten‚

202 656 325 716 quod
352 657 402 701 in
427 653 625 700 febribus
647 652 908 712 frequenter
929 668 1005 697 cor
1021 686 1033 704 ,
1072 654 1369 712 pericardium
1386 687 1397 706 ,
1433 655 1634 714 pleurarn
1663 657 1705 701 ἃ
1724 657 1989 716 pulmonem
2018 658 2220 707 obducit.

333 733 513 783 Thomas
531 735 809 782 KJRKLAND
841 745 922 779 two
949 731 1042 795 diff.
1070 732 1140 779 the
1166 752 1242 780 one
1265 751 1318 781 on
1336 733 1404 781 the
1427 734 1556 781 hrain
1582 737 1671 783 and
1698 755 1798 783 nerz
1809 755 1847 784 es
1871 736 1942 784 the
1967 736 2088 785 other
2108 757 2160 787 on
2192 741 2262 789 the

189 798 412 862 sjvmpatliy
439 800 491 860 ⁰f
502 815 652 844 nerves
673 797 761 842 and
783 797 1040 857 ofdiffi27·ent
1063 796 1189 844 lcinds
1207 799 1260 859 of
1263 798 1526 858 irritability
1564 801 1759 847 London
1788 815 1920 861 1774.
1948 805 2025 856 83·Γ
2092 803 2255 852 Nullas

201 864 296 909 dari
327 862 461 909 fibras
499 860 711 906 medullae
738 862 936 906 cerebri:
975 878 1071 907 eam
1112 878 1230 907 mere
1255 861 1552 923 gelatinosam
1583 862 1677 910 effe.
1761 866 2008 912 Cerebrurn
2042 865 2187 914 solum
2212 872 2263 916 in

199 926 471 973 animalibus
496 925 712 971 irritabile
732 923 826 970 esse.
883 925 1055 971 Contra
1074 923 1254 986 spiritus
1272 927 1501 973 animales.
1571 927 1879 988 Sympatliiam
1906 931 1953 976 in
1980 947 2137 979 omnes
2164 949 2263 992 par-

200 1002 266 1036 tes
291 989 715 1048 corporis‘animalis
741 1005 818 1048 per
836 989 1067 1034 cerebrum
1096 987 1297 1042 absolvi3
1335 991 1509 1039 caecitas
1534 1007 1559 1036 a
1579 1008 1774 1039 mamma
1795 993 2086 1042 inflammata.
2157 997 2263 1043 Irri-

198 1053 432 1100 tabilitatis
460 1053 764 1104 inflammata,
803 1050 1091 1111 spasmodica.

328 1135 447 1180 Lord
472 1135 669 1181 KAIMES
685 1131 820 1190 slzelet
853 1132 905 1192 of
920 1130 989 1178 the
1014 1131 1164 1193 history
1207 1133 1260 1195 of
1273 1151 1373 1182 man
1417 1134 1614 1183 London
1636 1148 1771 1197 1774.
1804 1150 1849 1197 4.
1883 1139 2040 1188 2.V01.
2108 1143 2261 1190 Multa

196 1196 406 1245 facientia
430 1198 483 1243 ad
507 1196 769 1242 instinctum
795 1196 1073 1243 animalium.
1099 1224 1102 1226 v
1142 1199 1226 1244 Sed
1251 1215 1346 1244 non
1368 1201 1469 1261 legi.

324 1277 440 1334 John
457 1280 626 1324 LEAKE
646 1277 802 1322 lethu-e
823 1278 1121 1343 introflzttJing
1141 1291 1184 1325 to
1208 1277 1277 1325 the
1303 1278 1452 1341 theory
1470 1281 1560 1328 and
1576 1283 1766 1343 praffice
1791 1283 2073 1347 ofmidwifty
2108 1289 2257 1338 Lond.

197 1354 310 1404 puto
341 1354 474 1400 1774.
500 1346 577 1398 42*
642 1343 711 1386 De
742 1340 836 1386 fetu
856 1375 867 1395 ,
906 1343 1002 1403 ejus
1028 1344 1311 1397 nutritione,
1347 1347 1492 1405 prima
1513 1346 1835 1406 respiratione,
1873 1352 2029 1396 naevis.

323 1421 439 1477 John
459 1423 637 1469 PHIPPS
670 1439 695 1468 a
727 1439 889 1485 voyage
920 1424 1113 1470 towards
1147 1423 1216 1471 the
1238 1424 1377 1472 north
1385 1427 1481 1486 pole
1516 1428 1660 1474 Lond.
1693 1440 1826 1487 1774.
1857 1429 1938 1488 4*
1999 1433 2260 1491 Synoiciam

196 1485 435 1540 describit,
472 1487 637 1532 animal
672 1502 727 1531 ex
758 1485 829 1532 sex
860 1500 938 1534 aut
974 1489 1179 1548 pluribus
1215 1490 1486 1538 animalibus
1521 1491 1848 1553 compositum:
1898 1511 1991 1542 uno
2023 1501 2260 1547 communi

194 1550 438 1604 intestino,
475 1548 842 1610 semimultiplex.

766 1666 808 1723 ς.
843 1668 1346 1717 MCCLXXXIII.
1444 1673 1550 1718 Itali
1577 1671 1674 1728 &a

332 1767 546 1812 Giovanni
561 1764 848 1815 BRUGNONE
871 1764 1143 1824 lamascallia
1164 1766 1348 1813 cledutta
1361 1766 1417 1813 da
1427 1767 1501 1826 firi
1513 1774 1609 1815 veri
1616 1775 1824 1832 principii
1851 1773 1998 1820 Turin
2017 1785 2152 1834 1774.
2178 1775 2257 1830 8.*

195 1830 346 1876 Multa
366 1830 617 1873 anatomica
645 1827 804 1882 habet,
843 1829 977 1874 etiam
1005 1827 1326 1890 physiologica.
1377 1832 1662 1880 VEGETJUM
1688 1835 1804 1882 nihil
1833 1837 1886 1883 de
1914 1839 2093 1897 punctis
2115 1841 2259 1886 lacru-

196 1892 394 1938 malibus
423 1889 655 1951 reliquisse.
725 1894 897 1938 Dentes
922 1893 1027 1951 equi
1052 1908 1128 1952 per
1154 1905 1300 1939 totam
1321 1896 1460 1941 vitam
1489 1895 1710 1945 crescunt,
1738 1915 1987 1960 eorumque
2013 1903 2256 1962 longitudo

195 1954 373 2001 senium
405 1955 570 2014 prodit.
662 1956 770 2002 Dari
799 1971 940 2016 equos
963 1956 1149 2002 testibus
1173 1957 1221 2003 in
1245 1958 1488 2005 abdomine
1509 1962 1768 2008 latentibus.
1838 1965 1988 2010 Etiam
2015 1982 2129 2025 equa
2164 1984 2257 2013 am-

197 2020 394 2079 pliorem
424 2019 590 2078 pelvim
631 2018 767 2066 habet
804 2036 939 2079 quarn
980 2036 1137 2080 equus.
1207 2022 1423 2081 Equabus
1453 2025 1503 2070 in
1539 2041 1751 2071 venerem
1783 2025 2042 2074 furentibus
2070 2032 2255 2078 vulvam

187 2094 369 2128 tumere
391 2116 403 2134 ,
437 2083 621 2136 rubere,
657 2084 915 2130 alternatim
941 2085 1132 2144 propelli
1157 2086 1198 2130 &
1219 2085 1458 2141 contrahi,
1496 2088 1649 2135 odoris
1674 2090 1809 2136 etiam
1835 2093 2073 2153 peculiaris
2092 2093 2255 2142 humo-

197 2161 293 2192 rem
320 2144 521 2192 effluere.

330 2230 636 2274 Bonaventurae
659 2227 825 2275 CORTl
857 2226 1138 2289 offer-vadem
1169 2231 1484 2293 microfi‘opiche
1495 2233 1606 2292 sitlla
1627 2236 1838 2290 tremella,
1861 2236 1974 2296 fitllcz
1996 2237 2126 2286 chara
2155 2238 2250 2295 &a

197 2289 400 2337 Modena
423 2303 560 2348 1774.
588 2290 664 2344 8.*
701 2289 852 2338 Multa
869 2295 910 2339 Sc
933 2291 1113 2339 subtilia
1131 2295 1423 2342 intercedunt
1453 2297 1853 2359 microscopiorum
1884 2319 1968 2362 ope
1993 2302 2250 2363 conspicua.

197 2356 433 2413 Anguillas
473 2353 714 2401 infusorias
760 2358 801 2402 ὃς
832 2357 963 2402 vivos
1003 2355 1122 2403 fetus
1156 2359 1283 2404 edere
1321 2361 1362 2405 &
1398 2377 1497 2406 ova.
1586 2363 1871 2411 Animalcula
1897 2367 2085 2412 minima
2113 2369 2250 2415 varia.

197 2416 341 2472 Quod
373 2417 421 2462 in
457 2430 654 2476 quatuor
683 2421 952 2466 animalcula
974 2418 1017 2466 se
1041 2421 1236 2475 dividit,
1268 2423 1408 2469 unico
1442 2422 1617 2471 sacculo
1643 2429 1986 2475 membranaceo
2019 2442 2249 2484 contenta,
2288 2488 2294 2496 ⁵

196 2496 324 2526 nunc
343 2477 606 2527 secedentia.
672 2483 833 2536 Aliud,
871 2485 946 2529 cui
978 2484 1031 2529 de
1058 2497 1159 2537 cute
1193 2487 1409 2545 paulatim
1440 2486 1560 2535 fetus
1591 2503 1850 2551 erumpunt.
1923 2493 2134 2546 Vermis,
2171 2496 2250 2554 qui

196 2542 365 2590 incisus
389 2556 469 2590 aut
500 2543 703 2591 dissectus
735 2547 921 2593 caudam
952 2560 1128 2607 reparat
1159 2550 1200 2594 ἃ
1229 2562 1363 2609 capnt
1384 2585 1395 2603 ‚
1430 2550 1503 2597 sed
1522 2566 1658 2613 caput
1679 2553 1873 2602 facilius.
1943 2558 2069 2602 Alius
2088 2559 2255 2603 vermi-

197 2609 327 2653 culus
366 2606 741 2667 microscopicus,
790 2611 839 2656 in
875 2628 966 2671 quo
997 2611 1262 2658 intestinum
1303 2615 1344 2660 &
1371 2617 1531 2662 arteria
1556 2634 1579 2662 a
1613 2619 1756 2677 capite
1792 2619 1846 2664 ad
1871 2622 2059 2665 caudam
2086 2621 2251 2679 produ-

196 2683 395 2723 cuntur3
434 2672 656 2717 dividitur
683 2673 800 2718 idern
833 2675 886 2719 ad
914 2675 1024 2721 duas
1062 2676 1215 2733 tertias
1244 2675 1335 2723 suae
1363 2680 1664 2739 longitudinis
1698 2695 1870 2741 partes,
1911 2685 1951 2729 &
1980 2684 2131 2730 educit
2155 2686 2250 2731 ani-

195 2736 312 2787 mal,
344 2736 468 2794 quod
490 2736 679 2788 deinde,
712 2737 871 2782 &cum
893 2755 945 2784 eo
959 2755 1110 2785 ramus
1130 2740 1332 2787 intestini
1351 2745 1593 2790 &arteriae‚
1625 2743 1813 2798 secedit,
1845 2747 1984 2805 inque
2000 2764 2174 2793 novum
2196 2747 2251 2795 fit

198 2799 378 2845 animal.
446 2798 584 2845 Aliud
609 2801 776 2846 animal
802 2800 924 2859 quasi
947 2815 1192 2858 cornutum
1215 2822 1292 2864 per
1314 2818 1485 2866 partem
1510 2807 1722 2867 posticam
1736 2807 1857 2856 fetus
1877 2810 2038 2864 edens,
2075 2812 2250 2872 aliaque

196 2858 368 2908 fimilia.
415 2863 598 2909 Animal
618 2859 870 2909 rotiferum.
921 2866 1274 2924 Sed&pluscula
1293 2871 1377 2916 alia
1399 2872 1665 2918 animalcula
1680 2872 1987 2926 reviviscunt5
2024 2887 2156 2936 putat
2174 2893 2250 2922 au-

197 2934 291 2970 tem
319 2925 469 2975 noster
510 2943 608 2974 non
635 2943 739 2975 vere
770 2939 951 2977 mortua
978 2928 1105 2978 fuisse
1121 2964 1135 2986 ,
1168 2931 1247 2980 etsi
1273 2936 1400 2984 omni
1430 2947 1560 2983 motu
1582 2951 1726 2983 carere
1754 2937 1981 2988 videntur.
2040 2939 2134 2985 Cor
2154 2942 2248 2985 ani-

2065 3004 2248 3052 malculi
