2531 3394
239 137 332 187 154
635 123 768 170 tia.
814 78 905 166 ιχ.
971 109 1391 165 ANATOMES
1442 72 1874 160 primaerio.

148 274 172 286 “-
236 253 324 304 rosi
340 253 451 302 rami
472 268 548 313 per
573 249 776 311 linguam
805 245 930 295 divisi
959 247 1006 294 in
1031 245 1128 307 ejus
1151 237 1429 303 superficiem
1450 240 1748 304 aperirentur.
1780 285 1786 287 f
1815 236 1936 287 Vasa
1954 232 2070 286 cirea
2087 237 2292 301 linguam

236 316 514 382 lymphatiCa
550 312 775 361 describit.
884 375 885 378 Ἰ

367 401 486 446 Cum
510 395 630 443 inid
654 396 894 441 inventum
921 391 1238 440 misnens,
1271 387 1610 433 WALTHERUS
1629 419 1641 439 ,
1678 384 1727 446 (J.
1758 384 1815 431 G.
1844 383 2127 433 Duvnmwi
2155 382 2292 444 scrip-

240 463 411 516 fiffent‚
459 477 542 520 ego
569 462 751 505 demum
781 471 919 503 venas
948 452 1054 505 effe,
1102 468 1202 511 quae
1237 451 1306 496 vir
1334 450 1401 496 Cl.
1434 448 1633 502 vidiffec,
1684 465 1736 494 eo
1772 448 1938 494 certius
1972 446 2282 500 adfirmarem,

241 529 367 590 quod
401 524 538 587 ipsam
567 540 593 568 a
627 523 695 568 Cl.
734 523 832 566 viro
875 529 1165 578 praeparatam
1205 517 1408 573 linguam
1440 510 1672 565 vidiffem,
1718 509 1951 571 respondit
1986 508 2092 556 satis
2135 512 2293 558 acriter

240 596 599 639 Coscnwizius
638 591 681 632 in
719 587 1034 631 continuatione
1063 578 1406 638 observationum
1439 576 1491 623 de
1520 576 1647 623 duffu
1671 574 1850 636 fiilivali
1899 574 2023 621 Hall.
2049 585 2185 634 1729.
2211 572 2295 633 4.*

239 657 381 706 Nunc
410 671 458 699 ea
493 653 545 698 lis
573 649 804 696 oblivione
834 645 894 691 est
917 643 1105 705 sepulta.
1411 648 1413 652 ’

374 734 536 792 Qialis
559 728 723 777 incisor
744 727 880 774 fuerit
900 725 1040 771 exstat
1058 726 1387 771 BURGGRAvn
1413 706 1722 768 testimonium
1742 710 1823 779 Ep.
1849 718 1904 766 ad
1927 734 1998 764 me
2031 717 2119 764 dat.
2149 730 2221 778 14.

373 819 450 878 EJ.
491 819 556 860 De
568 812 702 872 studii
730 812 957 856 anatomici
976 809 1218 869 praestantia
1249 803 1308 860 ἓὸ
1333 805 1530 850 utilitate
1557 807 1699 849 oratio
1733 802 1857 849 Hall.
1880 813 2020 860 1727.
2045 798 2128 860 4.*

374 900 447 958 EJ.
493 893 752 955 Organisinus
780 888 837 945 ἓξ
862 887 1151 947 mechamfinm
1192 885 1309 946 Lips.
1337 898 1470 944 1725.
1500 884 1581 943 4*
1619 896 1756 942 1745.
1785 885 1862 942 43*
1929 885 2141 930 STAHLII
2168 879 2302 942 syste-

247 981 318 1012 ma
342 961 509 1011 tradit,
544 956 681 1004 fusior
715 956 768 1001 de
801 965 930 1000 motu
962 953 1118 998 tonico
1152 953 1192 997 &
1225 950 1279 996 de
1311 949 1694 1010 temperamentis.
1765 949 1907 994 Suum
1939 946 2127 992 ductum
2163 947 2302 994 etiam

247 1028 322 1075 hic
350 1023 550 1072 defendit
574 1057 585 1075 ‚
641 1018 822 1077 succum
856 1032 1076 1063 nerveum
1111 1015 1341 1068 admittit,
1393 1014 1492 1060 aliis
1533 1010 1623 1059 suae
1657 1010 1784 1058 seiiae
1821 1008 2117 1071 scriptoribus
2145 1011 2301 1070 potius

250 1088 537 1140 moderatior.

909 1153 953 1210 §.
988 1152 1395 1200 DCCCXCVI.
1491 1154 1628 1201 Varii.

383 1261 579 1320 Georgius
601 1252 866 1304 Bernhardus
895 1254 1212 1302 Burrmoea,
1245 1266 1297 1295 ex
1323 1246 1493 1295 familia
1518 1259 1652 1294 natus
1672 1281 1684 1300 ‚
1722 1245 1852 1308 cujus
1878 1260 2042 1293 manus
2070 1261 2166 1292 uno
2193 1245 2306 1307 digi-

251 1339 300 1374 to
328 1323 589 1372 abundabat
610 1355 622 1374 ‚
661 1322 865 1380 princeps
886 1318 1104 1363 Womi
1133 1312 1395 1371 discipulus,
1435 1313 1632 1372 primum
1656 1308 1875 1356 Profeffor
1890 1310 2169 1369 temporibus
2195 1312 2306 1358 meis

251 1385 554 1448 Tubingensis
573 1419 586 1439 ‚
620 1400 753 1444 porro
781 1381 1173 1440 Petropolitanus‚
1218 1377 1326 1422 inde
1352 1377 1506 1435 patriae
1535 1375 1740 1434 regendae
1764 1374 2048 1426 administer,
2084 1374 2182 1419 aliis
2208 1374 2309 1432 qui-

253 1455 354 1500 dem
381 1451 588 1498 laudibus
617 1448 833 1493 celebrior
851 1479 863 1498 ,
900 1460 993 1489 non
1025 1440 1140 1488 nihil
1169 1454 1320 1487 tamen
1347 1440 1402 1485 ad
1428 1437 1754 1498 phyliologiam
1784 1440 1994 1483 contulit.
2064 1438 2198 1483 IDEM
2220 1438 2311 1497 pri:-

252 1533 379 1563 mum
407 1516 459 1561 de
483 1514 644 1558 animae
669 1527 773 1557 curn
800 1507 881 1555 suo
904 1523 1089 1566 corpore
1110 1505 1296 1550 vinculo
1325 1501 1496 1562 scripsit
1519 1505 1546 1548 l.
1577 1502 1628 1547 de
1650 1500 1873 1547 harmonia
1893 1504 2023 1546 animi
2045 1498 2103 1555 ἓξ
2123 1501 2310 1561 corporis

252 1578 428 1627 humani
449 1576 724 1638 praestzibilita
758 1574 955 1631 Tubing.
979 1582 1110 1628 1721.
1143 1566 1266 1626 Disp.
1295 1564 1502 1612 Francos.
1532 1577 1669 1624 1723.
1696 1571 1737 1618 8.
1769 1565 1968 1625 Tubing.
2000 1575 2135 1622 1741.
2162 1570 2243 1618 8.,·
2267 1566 2310 1611 &

254 1645 306 1692 in
334 1646 561 1691 Variorum
584 1640 637 1686 T.
657 1640 691 1684 Ι.
727 1636 759 1684 si
784 1637 904 1682 idem
929 1633 1100 1694 semper
1123 1631 1183 1678 est
1212 1629 1497 1691 opusculum.

383 1722 496 1770 Inde
517 1722 636 1768 inter
659 1723 786 1765 varia
813 1723 858 1763 in
875 1715 1101 1778 fasciculos
1133 1715 1296 1761 collegat
1331 1712 1716 1771 Stutgard.1743.
1749 1706 1829 1764 8.*
1858 1707 1919 1755 est
1943 1709 2089 1756 oratio
2120 1708 2174 1754 de
2206 1726 2312 1756 ana-

231 1788 233 1790 ’
257 1793 391 1836 tomia
419 1784 626 1848 elephanti
648 1782 708 1839 ἐξ)
737 1781 877 1839 ossibus
901 1777 1131 1826 Mamonth
1147 1813 1158 1831 ,
1196 1776 1426 1824 occasione
1453 1774 1682 1836 elephanti
1709 1791 1734 1820 a
1755 1779 1799 1829 J.
1830 1777 2006 1834 Georgia
2030 1774 2314 1821 DUVERNOI

261 1851 440 1898 diisec'fi.
511 1849 647 1894 Varia
673 1847 809 1892 habet
833 1842 1157 1894 memorabilia,
1184 1840 1405 1887 foramina
1431 1842 1479 1885 in
1509 1839 1754 1885 ventriculi
1780 1853 1961 1884 caveam
1988 1850 2155 1896 aperta,
2178 1836 2315 1887 fibras

260 1916 416 1966 lienis,
461 1913 666 1959 valvulas
696 1909 1018 1957 intestinorum
1055 1923 1080 1953 a
1105 1918 1280 1966 recepta
1306 1902 1530 1950 sententia
1552 1904 1735 1950 alienas.
1805 1899 1914 1948 Offa
1946 1898 2195 1947 Mamouthi
2231 1902 2318 1947 ele-

262 1978 442 2042 phantis
471 1976 644 2023 tribuit.

391 2061 448 2108 In
479 2057 790 2106 Commentarih
816 2052 1054 2100 Academiae
1077 2051 1399 2113 Petropolitanae
1423 2051 1477 2096 T.
1493 2050 1552 2095 II.
1588 2049 1806 2095 micantes
1839 2047 2081 2108 particulas
2110 2047 2152 2092 &
2182 2043 2319 2093 fabri-

265 2141 362 2173 cam
390 2138 641 2170 nervorum
669 2118 896 2180 elephanti
924 2114 1221 2176 microscopio
1245 2113 1499 2175 speculatus
1523 2112 1600 2159 est.

393 2205 462 2251 lb.
492 2203 647 2249 T.111.
678 2200 864 2261 quaerit,
900 2215 1013 2244 num
1040 2205 1114 2243 aer
1138 2195 1402 2257 sanguinem
1438 2194 1609 2242 subeat.
1678 2193 1833 2240 Antlia
1864 2190 2148 2251 pneumatica
2174 2188 2282 2237 usus
2303 2224 2317 2245 ‚

268 2278 415 2317 a‘e'rem
444 2266 699 2314 vehementi
733 2265 779 2309 vi
806 2264 854 2308 in
879 2262 1086 2308 arteriam
1113 2262 1341 2321 pulmonis
1371 2259 1514 2306 ursit:
1551 2257 1625 2304 sed
1654 2264 1729 2302 ae'r
1760 2271 1906 2314 neque
1928 2271 2005 2314 per
2034 2253 2232 2314 asperam
2253 2271 2322 2302 ar..

270 2337 452 2385 teriam,
490 2346 635 2388 neque
661 2343 736 2387 per
765 2342 928 2372 venam
954 2325 1113 2377 rediit,
1150 2341 1254 2370 cum
1280 2340 1395 2383 aqua
1423 2322 1469 2368 id
1494 2323 1580 2368 iter
1610 2320 1819 2367 facillime
1852 2330 2144 2378 percurreret.

408 2418 557 2472 Georg.
580 2407 758 2469 Philipp.
787 2409 1085 2458 Taurumue,
1117 2422 1173 2450 ex
1199 2405 1353 2450 eadem
1381 2402 1556 2455 schola,
1592 2399 1770 2460 Versuch
1799 2405 1913 2446 einer
1930 2396 2218 2461 griindlichen
2245 2403 2324 2446 Er-

272 2480 499 2537 liiuterung
522 2479 567 2520 in
593 2474 671 2518 der
694 2476 848 2518 Νικίαν
891 2471 1179 2525 Hall.'1723.
1213 2475 1255 2521 8.
1311 2469 1357 2514 P.
1386 2469 1442 2513 II.
1472 2469 1531 2512 ib.
1571 2477 1706 2523 1723.
1739 2471 1782 2517 8.
1838 2465 1991 2510 P.111.
2029 2464 2089 2509 ib.
2115 2474 2249 2521 1723.
2277 2469 2322 2515 8.

271 2545 318 2590 p·
345 2541 428 2588 IV,
453 2542 494 2586 &
522 2536 716 2599 junffim
740 2535 799 2579 ib.
826 2545 959 2590 1723.
984 2540 1025 2585 8.
1072 2533 1294 2592 Marburg
1326 2543 1460 2588 1735.
1492 2531 1566 2583 8.*
1630 2529 1812 2575 Intimae
1838 2525 2116 2574 admissionis
2135 2525 2326 2586 discipu-

274 2608 344 2654 lus
369 2605 604 2655 WoLml,
639 2595 856 2645 Profefl'or
884 2594 1182 2649 Caffellanus‚
1221 2594 1296 2641 sed
1322 2595 1472 2641 brevis
1499 2594 1602 2640 vitae
1623 2592 1819 2654 juvenis.

402 2687 457 2732 In
490 2685 533 2732 P.
556 2684 592 2729 I.
625 2681 677 2726 de
711 2679 886 2738 origine
914 2675 1174 2723 mechanica
1203 2675 1320 2724 fetus
1342 2675 1597 2735 bicorporei
1625 2674 1742 2734 agit,
1792 2689 1929 2733 quam
1965 2672 2128 2731 repetit
2155 2687 2181 2716 a
2215 2670 2329 2717 duo-

278 2752 364 2796 bus
393 2748 676 2795 animalculis
700 2743 783 2789 uni
813 2758 901 2786 ovo
932 2739 1125 2785 inclusis.
1194 2741 1316 2786 Tum
1341 2740 1393 2785 de
1429 2737 1528 2784 visu
1564 2738 1792 2796 duplicato
1820 2753 1876 2782 ex
1898 2734 2074 2795 fulgore
2100 2735 2220 2782 nivis
2250 2750 2330 2781 na-

279 2826 356 2866 te,
393 2814 579 2873 ejusque
614 2806 758 2856 causa.
827 2806 897 2850 De
923 2802 1244 2864 perspiratione
1268 2806 1317 2848 in
1347 2819 1483 2847 manu
1515 2802 1728 2846 maxima.

407 2896 462 2939 ln
500 2894 544 2938 P.
574 2893 631 2938 11.
663 2901 928 2935 aranearum
957 2901 1043 2930 ova
1071 2900 1196 2943 egere
1236 2882 1555 2928 secundatione
1595 2881 1749 2927 maris.
1839 2881 1908 2925 De
1942 2878 2041 2927 visu
2070 2896 2147 2940 per
2182 2895 2329 2928 nares.

281 2961 352 3007 De
379 2971 470 3005 arte
505 2954 697 3002 docendi
728 2951 886 2999 surdos
919 2951 960 2997 ἃ
984 2961 1148 2996 mutos.
1218 2948 1288 2993 De
1319 2947 1469 2992 catulo
1493 2945 1674 2991 vomitu
1700 2945 1865 3005 rejecto
1885 2977 1896 2997 ,
1929 2960 2063 3004 quem
2094 2955 2228 3005 negat
2254 2959 2332 2989 ve.

2228 3021 2332 3055 rum
