2531 3394
298 119 388 170 380
607 164 611 169 ,
690 107 826 155 me.
867 107 965 153 1x.‘
1027 80 1446 150 ANKTOMES
1494 63 1949 147 PERFECTloi‘

293 238 586 301 menschlichen
611 244 772 301 Ko'rper
800 238 920 284 Hall.
941 245 1072 292 1744.
1105 233 1179 286 8.*
1243 232 1313 276 De
1338 227 1672 276 insomniorum
1697 228 1873 288 origine
1892 246 1947 275 ex
1967 227 2172 276 idearum
2198 245 2335 283 nexu,

292 319 347 354 ut
372 307 533 352 animae
560 317 712 351 totum
742 301 1091 348 instrumentum
1113 297 1209 356 ejus
1239 292 1506 340 sensationis
1534 308 1686 338 coram
1710 289 1762 337 sit
1779 326 1792 344 ,
1829 309 1964 351 quam
1995 293 2180 340 obscure
2208 309 2340 353 expe-

295 372 429 416 ritur.
496 371 658 421 Motus
690 368 741 413 in
769 379 954 424 corpore
976 361 1179 407 humano
1204 359 1314 404 oriri
1338 357 1550 403 eir-certis
1580 354 1912 401 sensationibus
1928 369 1943 408 ,‘
1975 357 2146 417 aliquid
2171 356 2341 403 haben-

289 435 415 481 tibus
439 431 732 480 incommodi.
803 430 871 474 De
909 423 1262 471 somnambulis:
1312 433 1470 468 contra
1504 419 1714 466 animalia
1742 435 1767 464 a
1802 421 1941 465 naevis
1970 419 2146 466 strudta.
2230 421 2341 468 Ani-

292 514 413 544 mam
449 499 610 557 utique
650 493 949 541 oscillationes
988 503 1208 536 tonorum
1251 501 1504 532 numerare.
1606 483 1798 530 Auerius
1831 481 2014 530 recusus
2067 483 2128 530 est
2159 477 2341 532 libellus

294 563 418 608 Hall.
446 574 580 619 1751.
608 558 686 614 8.*
1540 588 1543 589 γ

428 644 502 704 EJ.
554 647 640 689 Von
678 639 771 686 dem
803 641 982 684 Nutzen
1012 633 1090 680 der
1118 631 1257 691 frIufic
1292 635 1337 678 in
1375 630 1453 677 der
1479 627 1916 691 Arzneygelahrtheit
1956 629 2075 687 Hall.
2104 639 2239 686 1745.
2271 630 2345 682 8.*

297 704 512 754 Αάῗεᾶυε
545 709 669 752 laetos
697 701 953 748 mechanice
983 697 1171 744 excitari
1205 713 1281 756 per
1316 708 1452 741 tonos
1499 695 1631 740 certis
1662 691 1910 739 adfectibus
1944 692 2222 745 destinatos,
2268 693 2348 753 qui

296 787 356 818 ex
384 771 439 818 iis
463 768 712 817 adfeffibus
737 763 1007 816 nascantur,
1049 764 1090 808 &
1116 761 1297 807 eosdem
1324 756 1516 806 viciffim
1538 757 1749 803 excitent.

427 852 504 912 EJ.
538 848 829 908 Abhandlung
851 861 950 892 vom
976 842 1139 891 Lachen
1184 843 1304 888 Hall.
1334 847 1465 899 1746.
1497 837 1576 894 8.*
1641 836 1777 885 Risus
1805 837 1981 885 causam
2011 837 2095 885 effe
2133 838 2351 900 gaudium

300 932 358 963 ex
386 915 593 961 minutiis
616 925 789 959 natum.
860 911 926 956 Ut
956 907 1247 969 diaphragma
1276 908 1317 952 &
1345 903 1480 951 facies
1508 905 1559 950 in
1587 902 1680 950 risu
1712 915 1873 965 agant,
1919 919 2024 950 cum
2061 904 2213 964 aliqua
2249 919 2350 949 ner-

299 996 464 1027 vorum
497 976 810 1038 descriptione.

434 1062 508 1121 EJ.
551 1055 843 1117 Thooretische
857 1054 948 1102 und
963 1051 1192 1116 prafflz'sche
1212 1049 1549 1112 Retrachtungen
1568 1049 1638 1096 des
1658 1047 1943 1110 Pulsschlages
1977 1050 2097 1095 Hall.
2118 1054 2249 1107 1746.
2275 1046 2355 1102 8.*

300 1123 519 1176 Mensura
538 1124 703 1170 virium
722 1122 871 1168 utitur
887 1121 1244 1165 LssissmziANA.
1291 1114 1450 1162 Pulsus
1464 1131 1629 1175 paucos
1646 1112 1735 1159 fere
1751 1115 2184 1160 BOERHAAVIANOS
2201 1113 2353 1167 habet,

305 1205 553 1250 eorumque
584 1184 736 1233 causas
760 1183 985 1230 describit.
1055 1184 1149 1228 Cur
1175 1179 1355 1239 sanguis
1375 1196 1454 1239 per
1479 1195 1616 1224 venas
1637 1178 1801 1223 lentius
1824 1193 1958 1237 quam
1974 1193 2050 1237 per
2067 1178 2249 1223 arterias
2261 1194 2358 1223 mo-

304 1265 497 1300 veatur:
536 1269 560 1298 a
585 1248 804 1312 preffione
838 1263 998 1307 nempe
1027 1244 1120 1292 sola
1148 1245 1353 1297 moveri,
1391 1259 1491 1303 quac
1518 1243 1803 1288 velocitatem
1820 1258 1900 1302 pro
1927 1239 2135 1286 mensura
2159 1240 2320 1288 habeat
2343 1259 2379 1286 :x

304 1319 356 1366 in
378 1314 643 1363 arteriosum
671 1312 940 1375 sanguinem
967 1327 1044 1358 cor
1075 1310 1169 1356 inu
1193 1306 1448 1369 insurgere,
1485 1307 1615 1368 cujus
1653 1303 1860 1352 mensura
1899 1305 2185 1366 quadratum*
2201 1303 2255 1352 fit
2284 1314 2368 1352 ve-‘

304 1382 522 1429 locitatis.

434 1465 510 1525 EJ.
547 1460 836 1521 Ahhandlung
858 1475 943 1505 von
967 1456 1043 1504 der
1068 1460 1321 1517 Erzeugnng
1334 1452 1407 1499 des
1426 1452 1582 1499 Kindes
1605 1456 1649 1499 in
1671 1450 1949 1498 Mutterleibe
1979 1452 2099 1498 Hall.
2122 1457 2255 1510 1746.
2279 1449 2361 1506 8.*

307 1529 534 1576 Describit
560 1542 727 1587 organa
753 1524 979 1585 genitalia.
1047 1522 1132 1567 Pro
1161 1519 1445 1569 vermiculis,
1484 1534 1598 1577 quos
1631 1515 1721 1576 ipse
1751 1516 1868 1562 vidit
1892 1534 1902 1561 :
1948 1516 1998 1561 in
2022 1517 2075 1561 iis
2102 1517 2261 1560 animae
2283 1515 2363 1560 ha-

306 1594 462 1639 bitant
486 1589 518 1637 s.
547 1589 776 1636 monades.
845 1588 1012 1633 Earum
1048 1585 1202 1643 primae
1237 1580 1657 1641 repraesentationes
1697 1579 1896 1626 obscurae
1931 1577 2070 1631 sunt3
2116 1595 2177 1624 eae
2203 1577 2364 1625 sensim

257 1671 261 1674 ·
308 1673 403 1704 una
432 1671 535 1701 cum
558 1669 747 1714 corpore
776 1650 897 1698 fiunt
920 1647 1222 1710 perfectiores.
1290 1647 1456 1692 Anima
1489 1645 1645 1691 matris
1666 1644 1928 1690 harmonice
1947 1660 2049 1690 cum
2072 1641 2191 1689 fetus
2214 1642 2366 1688 anima

313 1718 565 1770 consentit,
616 1732 753 1777 quare
787 1732 810 1761 a
849 1726 988 1760 matre
1029 1715 1078 1757 in
1116 1710 1260 1757 fetum
1295 1721 1672 1769 temperamenta,
1719 1707 1908 1760 morbi,
1959 1709 2080 1752 naevi
2111 1705 2364 1753 transeunt.

312 1785 511 1841 Qoties
542 1781 661 1828 enim
687 1779 868 1840 sanguis
893 1777 1047 1823 matris
1078 1775 1133 1821 ad
1155 1775 1354 1834 aliquam
1381 1785 1553 1832 partem
1580 1775 1780 1832 corporis
1811 1773 1994 1818 uberius
2018 1769 2187 1824 fertur,
2225 1771 2366 1817 toties

314 1850 449 1894 etiam
485 1847 541 1893 ad
569 1845 770 1891 eamdem
803 1854 971 1903 partem
998 1839 1066 1886 sui
1088 1837 1344 1898 corpusculi
1371 1836 1552 1897 sanguis
1573 1835 1693 1882 fetus
1723 1837 1954 1882 incitatur.

444 1931 519 1989 EJ.
564 1924 855 1985 Ablmndlmig
883 1939 977 1969 von·
1001 1922 1079 1968 der
1104 1918 1326 1968 Scho‘nheit
1357 1919 1427 1964 des
1448 1915 1740 1976 menschlichen
1764 1921 1948 1979 Koa-pers
1982 1917 2102 1964 Hall.
2124 1920 2256 1976 1746.
2288 1913 2369 1970 8.*
2407 1951 2419 1955 -

317 1992 615 2041 Pulciiritudo
644 1991 809 2035 nititur
834 1987 1105 2047 symmetria.
1187 1985 1296 2042 Ejus
1323 2000 1377 2029 ex
1398 1984 1618 2030 DURERO
1647 1983 1836 2041 aliisque
1869 1984 1999 2041 leges,
2067 1982 2121 2027 In
2157 1981 2373 2027 omnibus

307 2057 518 2104 'sensibus
547 2054 691 2102 videri
723 2050 898 2099 causam
927 2063 1153 2111 gratarum
1180 2046 1488 2094 sensationum
1519 2046 1720 2091 eamdem
1749 2044 1854 2098 else,
1893 2062 1992 2105 quae
2024 2045 2075 2091 in
2103 2044 2265 2091 auditu
2296 2030 2374 2091 ob-

321 2122 463 2173 tinet,
501 2131 555 2165 ut
584 2129 718 2178 gratae
743 2113 1052 2163 consonantiae
1076 2113 1279 2158 numeris
1305 2109 1530 2157 facillimis
1561 2111 1890 2170 exprimantur.

454 2202 529 2262 EJ.
571 2197 797 2247 Gedmzlzen
822 2214 907 2243 von
937 2194 1136 2243 Thrkinen
1165 2193 1259 2240 und
1288 2197 1464 2240 Weinen
1496 2193 1613 2238 Hall.
1642 2197 1776 2249 1748.
1802 2188 1881 2244 8.*
1931 2190 2183 2250 Nunquam
2209 2188 2374 2250 absque

323 2266 504 2315 tristitia
523 2279 607 2309 nos
634 2261 889 2314 ,lacrumari
960 2260 1060 2304 Viae
1088 2261 1403 2305 lacrumarum.
1471 2257 1879 2303 HAMBERGERUM
1904 2254 1954 2301 in
1980 2253 2155 2302 theoria
2170 2252 2378 2301 secretio-

325 2346 439 2378 num
459 2327 687 2388 sequitur,
720 2323 775 2371 fic
800 2326 849 2370 in
877 2322 1184 2383 respiratione.

457 2411 534 2470 EJ.
584 2405 870 2466 Bemiihzmgen
909 2409 953 2450 in
979 2405 1058 2450 den
1086 2399 1383 2461 tlieoretzschen
1413 2401 1506 2448 und
1520 2399 1782 2463 prufflifihen
1815 2399 1984 2448 Theilen
2009 2400 2086 2447 der
2112 2399 2382 2460 Arzneywis-

318 2473 533 2538 senschajt
566 2473 684 2518 Hall.
714 2482 847 2527 1749.
875 2471 951 2521 8.*
1019 2469 1104 2514 Pro
1132 2466 1208 2514 sua
1233 2467 1546 2513 lacrumalium
1576 2468 1753 2512 viarum
1783 2468 1824 2512 ἃ
1851 2464 2161 2524 respirationis
2179 2464 2378 2510 historia.

331 2542 479 2587 Dolor
501 2555 513 2583 ε
549 2537 646 2597 ers
673 2532 792 2580 sedes
818 2532 880 2577 est
908 2532 956 2577 in
985 2548 1229 2577 nervorum
1252 2531 1518 2577 involucris.
1587 2528 1937 2590 Phyfiognomia
1955 2562 1968 2581 ,
2007 2527 2097 2574 fere
2120 2528 2176 2573 ad
2203 2524 2381 2572 sensum

332 2605 561 2651 PARSONI
584 2599 719 2651 oriri,
758 2597 816 2641 ob
846 2595 990 2654 majus
1024 2595 1164 2640 robur
1201 2593 1513 2640 musculorum
1537 2592 1698 2653 saepius
1728 2594 1988 2654 agentium,
2032 2591 2138 2637 inde
2165 2601 2304 2636 certas
2332 2589 2383 2635 in

333 2666 446 2715 facie
476 2664 643 2711 formas
676 2660 945 2722 praevalere„
997 2659 1130 2705 Unde
1157 2659 1309 2704 rubor.
1379 2660 1449 2704 De
1481 2658 1815 2704 obstructione:
1854 2654 2065 2702 vasorum
2100 2656 2274 2699 minora
2312 2669 2386 2714 ge-

337 2747 447 2779 nera
483 2727 700 2776 admittit.
768 2724 941 2770 Contra
972 2721 1299 2767 derivationem
1328 2724 1369 2768 Sc
1391 2720 1716 2774 revulsionem,
1752 2721 1807 2766 ad
1833 2721 2180 2766 HAMBERGEM
2209 2718 2384 2777 placita.
2441 2731 2449 2733 *

465 2812 540 2872 EJ.
595 2805 822 2857 Gedanlzen
851 2820 937 2850 von
969 2802 1046 2848 der
1073 2806 1325 2864 Erzeugung
1356 2803 1433 2848 der
1470 2802 1775 2863 filssgeburten
1801 2800 1892 2845 und
1917 2797 2207 2845 Mondkalber
2256 2800 2388 2845 Halle

346 2886 482 2933 1749.
513 2876 587 2927 8.*
653 2873 723 2918 De
750 2867 990 2916 monstris:
1026 2864 1127 2912 casu
1157 2864 1275 2911 nasci
1296 2900 1307 2917 ,
1340 2868 1382 2912 &
1403 2883 1457 2911 ex
1477 2864 1830 2912 coalescentibus
1857 2863 2130 2915 vermiculis,
2164 2874 2216 2909 ut
2234 2874 2387 2909 tamen

342 2938 533 2989 modum
567 2935 609 2984 se
637 2936 847 3000 ignorare
875 2929 1094 2985 fateatur,
1131 2946 1222 2991 quo
1265 2927 1388 2977 casus
1433 2945 1530 2976 eam
1570 2926 1923 2990 compositorum
1960 2924 2139 2975 fetuum
2173 2925 2389 2972 fabricam

2234 2989 2391 3038 struat.
