2531 3394
277 162 336 215 34
697 126 849 202 ἰιΒὶὲ
890 154 1038 202 Vm.
1104 123 1476 200 ANATOME
1524 144 1893 220 uoci-101³.

408 289 467 335 In
490 287 636 345 (ἔαξεν.
662 286 711 335 di
720 267 922 335 Minerv.
953 286 1010 333 T.
1034 283 1092 332 V.
1125 285 1206 346 qui
1221 300 1345 332 anno
1370 292 1506 346 1705.
1532 283 1718 347 prodiit,
1754 272 2039 336 Bernardimls
2058 279 2330 338 ZEND'le

276 353 371 416 egit
394 353 447 399 de
473 351 720 417 secretione
748 352 947 398 animali.
1987 370 1990 374 ⁴
2064 382 2067 387 .
2292 364 2295 365 ν

401 434 529 483 Idem
544 446 703 482 contra
713 434 1000 480 PARENTUM
1013 433 1297 484 BORELLum
1317 429 1521 479 defendit
1552 434 1704 484 Giorn,
1729 429 1780 477 de
1795 434 1955 480 Letter.
1981 432 2131 482 d’Ital.
2150 428 2329 482 XVIII.

277 498 385 547 Vol.
405 511 447 558 4.
483 502 523 546 &
548 498 689 561 suppl.
711 509 753 544 2.
777 515 818 558 p.
838 510 912 554 79.

407 583 463 628 In
488 594 543 628 tr.
569 580 619 626 de
643 578 771 628 China
803 577 936 625 China
963 591 1097 637 1715.
1125 576 1247 625 edito
1277 593 1355 637 cor
1379 574 1469 623 fere
1493 575 1806 638 sexagecuplas
1834 575 2014 625 fixarum
2045 574 2212 625 virium
2233 577 2333 626 resi-

279 644 462 694 stentias
490 643 693 705 superare
719 643 865 688 docet.
1335 652 1339 659 ²

409 729 464 774 In
489 729 621 773 Me'm.
662 723 715 770 de
746 728 979 775 Trevoux,
1015 723 1174 784 Juillet
1204 724 1262 770 D.
1292 720 1525 776 PoUSOL,
1555 724 1801 777 ‘medicus,
1854 723 2123 785 singularem
2156 737 2334 785 partum

283 788 583 841 monstrosum
614 784 839 846 descripsit
860 821 871 838 ,
908 787 988 846 qui
1020 803 1125 833 cum
1157 787 1359 848 legitimo
1390 786 1488 833 fetu
1525 788 1722 847 prodiit,
1760 790 1955 849 puellam
1985 805 2145 849 nempe
2181 785 2338 835 diffor-

282 858 346 903 mi
374 855 543 913 capite,
577 852 744 910 absque
765 850 924 903 corde,
959 852 1202 910 pulmone,
1237 851 1421 911 reliquis
1445 850 1719 905 visceribus,
1755 866 1916 912 praeter
1949 869 2106 905 renes,
2145 853 2338 899 &mini-

283 936 355 968 ma
378 917 611 971 intestina,
648 916 775 961 nulla
803 916 964 961 arteria
990 927 1142 968 aorta‚
1185 915 1382 961 medulla
1406 913 1566 974 spinali
1587 917 1802 964 minima,
1836 915 1894 962 fic
1915 917 2056 963 altero
2078 916 2206 978 pede.

742 1056 780 1106 §.
812 1051 1205 1101 DCCXCVII.
1273 1057 1318 1108 J.
1348 1055 1535 1114 Baptista
1559 1055 1880 1122 MoaGAGnl,

413 1160 760 1215 Forolivienfis,
806 1161 1027 1209 Valsalvae
1055 1158 1326 1222 discipulus,
1362 1161 1583 1221 Professor
1609 1163 1850 1224 primarius
1877 1164 2151 1217 patavinus,
2196 1163 2268 1210 vir
2296 1165 2340 1211 δι

275 1227 605 1292 elegantissime
629 1227 815 1279 dodtus,
865 1229 906 1273 ὃς
935 1229 986 1272 in
1010 1238 1221 1273 anatome
1250 1225 1666 1280 exercitatiffimus,
1699 1226 1957 1273 admirabili
1985 1229 2204 1277 memoria
2232 1243 2344 1287 prae-

287 1295 434 1348 ditus,
473 1305 526 1339 ut
547 1290 732 1339 infinita
759 1293 996 1337 auctorum
1024 1292 1121 1337 loca
1153 1305 1249 1335 non
1272 1288 1482 1350 inspectis
1514 1292 1639 1337 libris
1670 1292 1805 1336 citare
1837 1290 2000 1350 posset,
2046 1292 2193 1337 varias
2230 1290 2342 1337 adeo

288 1362 329 1407 ἃ
361 1355 573 1404 rarissime
601 1355 865 1415 conjuncftas
888 1355 1014 1400 dotes
1044 1354 1186 1401 animi
1210 1355 1257 1399 in
1277 1355 1458 1413 publica
1476 1355 1714 1400 commoda
1735 1355 1994 1415 conjunxit,
2032 1356 2137 1401 vitae
2159 1354 2344 1401 demum

285 1439 369 1486 pro
392 1420 482 1468 suis
509 1419 680 1466 meritis
701 1418 930 1479 productae
955 1416 1176 1464 beneficio
1204 1416 1340 1463 senex
1360 1416 1569 1478 perfecit,
1607 1435 1707 1478 quae
1726 1419 1908 1479 juvenis
1929 1429 2269 1479 praeparaverat.

415 1503 617 1549 Primum
643 1501 740 1562 ejus
768 1516 907 1560 opus,
943 1499 1157 1559 idemque
1180 1499 1314 1546 novis
1344 1499 1544 1545 inventis
1569 1498 1905 1560 plenissimum,
1944 1499 2215 1560 Adversaria
2237 1498 2347 1547 sunt

286 1569 542 1615 Anatomica
558 1568 732 1627 prima,
777 1580 877 1625 quae
908 1564 1127 1610 Bononiae
1152 1569 1285 1622 1706.
1310 1563 1391 1621 4*
1429 1563 1599 1616 edidit,
1633 1562 1867 1625 sexaginta
1901 1562 2069 1623 septem
2102 1577 2206 1611 ante
2246 1563 2344 1610 haec

287 1631 457 1692 quibus
487 1628 632 1676 scribo
665 1641 869 1688 tempora
905 1629 1051 1673 annis.
1120 1629 1175 1674 ln
1207 1627 1294 1673 hoc
1323 1627 1478 1688 exigui
1501 1628 1751 1674 voluminis
1780 1627 1898 1674 libro
1921 1625 2037 1674 nihil
2061 1626 2153 1674 fere
2179 1629 2347 1688 reperi-

289 1707 388 1747 tur,
426 1691 509 1740 nisi
537 1709 738 1745 novum,
774 1704 854 1738 aut
878 1704 993 1738 certe
1018 1690 1256 1738 studiofius
1284 1693 1533 1738 excultum.
1604 1692 1846 1738 Glandulae
1882 1692 2079 1738 minores
2117 1692 2345 1752 laryngis,

290 1760 562 1820 ligamenta,
597 1755 855 1808 ventriculi,
899 1758 938 1801 ἃ
964 1754 1155 1802 musculi
1180 1754 1560 1815 stylopharyngaei
1586 1756 1635 1800 in
1660 1772 1709 1802 os
1738 1755 1926 1815 hyoides
1959 1755 2196 1815 productio
2216 1790 2229 1808 ,
2258 1757 2350 1801 col-

292 1823 418 1869 liculi
443 1819 597 1869 vesicae
630 1823 670 1867 &
697 1817 866 1866 mucosi
898 1817 1044 1867 finus,
1083 1820 1307 1880 glandulze
1337 1817 1526 1865 sebaceae
1552 1817 1710 1872 faciei,
1743 1818 2064 1879 nympharum,
2091 1820 2180 1873 ani,
2210 1835 2350 1864 mam-

292 1901 500 1938 marum,
532 1885 826 1944 ligamentum
863 1885 1013 1943 penis,
1051 1881 1317 1944 corpuscula
1352 1881 1513 1929 callosa
1549 1884 1835 1930 valvularum
1869 1884 1918 1929 in
1960 1884 2134 1943 magnis
2171 1882 2348 1929 arteriis

292 1950 471 1997 cordis:
508 1948 823 1995 adnotationes
852 1948 905 1994 de
937 1949 1021 1994 viis
1051 1949 1383 2000 lacrumarum,
1421 1948 1692 2000 caruncula,
1721 1946 1984 2006 thyreoidea
2012 1947 2239 2006 glandula,
2272 1962 2350 1992 ve-

293 2030 343 2060 ra
369 2014 543 2073 origine
583 2011 773 2058 musculi
817 2011 1192 2072 coracohyoidei,
1233 2010 1461 2071 hymene,
1499 2012 1672 2057 lacunis
1713 2012 1827 2057 circa
1860 2009 2061 2057 urethrae
2086 2011 2262 2056 exitum
2298 2009 2351 2056 in

293 2075 491 2129 feminis,
520 2075 731 2122 tubarum
753 2073 854 2130 fitU,
883 2077 1004 2136 poris
1019 2076 1140 2122 uteri
1155 2073 1325 2121 menses
1345 2073 1647 2122 fundentibus
1664 2109 1675 2129 ,
1701 2073 1922 2121 foramine
1942 2090 2060 2121 cacco
2078 2074 2246 2135 linguae
2263 2074 2346 2119 διε.

422 2155 597 2206 Recusa
621 2155 729 2204 sunt
753 2157 900 2204 Leidae
930 2170 1064 2216 1714.
1095 2164 1137 2211 8.
1178 2169 1312 2215 1741.
1331 2169 1376 2214 4.

424 2240 552 2287 Alius
572 2238 788 2285 hactenus
804 2237 909 2286 finis
933 2239 994 2285 est
1010 2255 1192 2285 eorum>
1229 2254 1330 2298 quae
1355 2237 1610 2299 sequuntur
1632 2237 2016 2286 Adversariorum.
2090 2238 2208 2283 Cum
2228 2237 2349 2282 enirn

295 2306 589 2354 MANGETUS
621 2305 670 2348 in
704 2302 919 2349 theatrum
953 2302 1086 2349 suum
1113 2308 1398 2349 anatomicam
1432 2305 1648 2356 BlANCffl
1681 2304 1906 2348 nonnulla
1939 2300 2194 2354 admisisset,
2245 2298 2352 2346 satis

297 2369 553 2429 petulanter
590 2367 640 2412 in
675 2367 1018 2414 MoRGAGNUM
1056 2365 1247 2426 scripta,
1294 2365 1445 2412 noster
1477 2368 1519 2412 ὅ(
1554 2368 1771 2413 BIANCHI
1810 2364 2128 2412 insultationes
2168 2365 2353 2424 repelle-

296 2449 345 2479 te
364 2430 625 2483 constituit,
664 2431 706 2476 &
731 2432 974 2477 MANGETI
1006 2430 1143 2476 nimis
1181 2427 1448 2475 numerosos
1480 2445 1650 2476 errores
1692 2429 1927 2490 corrigere.
2015 2427 2210 2476 Secunda
2245 2442 2353 2488 ergo

298 2494 565 2555 Advershria
592 2493 860 2554 prodierunt
888 2494 1040 2540 Patav.
1071 2506 1207 2551 1717.
1237 2491 1319 2551 4*
1385 2493 1568 2553 Ubique
1589 2527 1601 2546 ,
1639 2493 1747 2539 dum
1777 2493 2028 2553 collectoris
2056 2493 2167 2538 vitia
2204 2506 2356 2536 ernen-

299 2559 380 2605 dat
399 2593 411 2612 ,
444 2557 569 2605 addit
599 2557 652 2605 de
674 2555 754 2603 suo
780 2556 1095 2603 adnotationes
1115 2591 1127 2610 ,
1166 2560 1207 2603 &
1238 2557 1432 2614 plurima
1456 2558 1619 2603 rectius
1640 2556 1888 2603 constituit.
1982 2558 2135 2604 Multa
2162 2554 2216 2601 de
2255 2569 2356 2600 rnu-

298 2621 446 2672 sculis.
513 2622 601 2668 Hic
629 2622 824 2680 primum
855 2618 1085 2666 utilissima
1115 2619 1359 2667 methodus
1384 2618 1548 2668 summi
1573 2621 1661 2667 viri
1683 2621 1893 2681 adparet,
1927 2637 2013 2682 qua
2038 2618 2170 2680 super
2194 2632 2354 2664 omnes

301 2688 472 2746 priores
511 2683 725 2732 incisores¹
762 2682 805 2730 se
845 2685 1033 2736 exemit,
1075 2681 1169 2729 solo
1201 2681 1320 2730 forte
1353 2697 1541 2745 excepto
1577 2685 1892 2737 EUSTACHIO.
1959 2684 2137 2743 Nempe
2165 2697 2261 2728 non
2293 2681 2357 2726 ita

302 2763 448 2808 partes
479 2749 668 2795 humani
694 2748 896 2807 corporis
916 2745 1153 2800 describit,
1190 2760 1419 2807 tamquam
1447 2765 1542 2795 una
1569 2750 1608 2795 &
1634 2747 1844 2795 constans
1875 2763 2030 2794 earum
2049 2746 2195 2793 forma
2221 2743 2323 2791 effet
2341 2760 2356 2789 ε

301 2811 379 2859 sed
407 2814 644 2859 varietates
673 2813 724 2858 in
754 2809 937 2858 diversis
973 2811 1262 2857 cadaveribus
1291 2811 1529 2858 adnotatas
1561 2813 1736 2871 colligit
1764 2828 1909 2870 exque
1945 2827 2137 2857 numero
2168 2806 2357 2856 consen-

303 2876 518 2923 tientium
543 2877 852 2936 exemplorum
873 2872 1086 2926 conficit,
1123 2891 1224 2933 quae
1246 2871 1411 2920 fabrica
1436 2891 1517 2934 pro
1540 2874 1656 2921 cons
1652 2888 1752 2921 ueta
1778 2874 1936 2921 haberi
1958 2873 2111 2933 posset.
2185 2870 2357 2931 Splenii

302 2938 498 2986 musculi
523 2939 574 2985 in
601 2939 830 2986 vertebras
858 2939 964 2986 colli
982 2936 1276 2985 insertionem
1302 2935 1416 2997 saepe
1436 2938 1583 2984 vidit:
1624 2941 1665 2984 &
1691 2939 1806 2985 duos
1833 2938 1887 2983 ab
1917 2937 2108 2996 occipite
2133 2938 2356 2983 levatores

303 3001 492 3065 scapulae
507 3037 520 3056 ,
558 3013 638 3049 aut
662 3003 758 3064 ejus
780 3000 974 3052 musculi
1004 3019 1030 3050 a
1053 2999 1257 3065 processu
1285 3000 1540 3051 transverso
1559 3002 1717 3064 prima:
1741 3001 1960 3051 vertebrae
1982 2999 2230 3111 eriginegi:
2267 3009 2359 3110 tires

1158 3077 1162 3081 “
2189 3078 2283 3113 iver
2308 3077 2358 3111 os
