2531 3394
495 122 547 181 §-
589 133 899 174 1221..1-222.
964 106 1596 171 mswn‘no'NES.
1661 120 1953 171 mmm:
2169 114 2277 181 ⁶¹15

335 252 495 304 Gorbin
523 254 746 304 GRfflrm
772 255 826 302 de
849 254 1008 302 viribus
1031 249 1264 315 camphora
1294 249 1538 313 Edinburg
1562 258 1697 311 1765.
1726 251 1806 308 8.*
1853 252 2090 301 Putredini
2109 253 2272 302 adver-

208 315 299 366 sam
324 318 419 366 effe.
487 320 658 382 Magna
687 318 782 366 dofi
809 320 958 368 datam
985 318 1201 375 delirium
1227 315 1372 363 facere
1388 350 1402 370 ,
1438 314 1711 378 pulsumque
1731 316 1862 364 valde
1882 319 2084 367 incitare.

333 400 491 448 David
514 403 779 450 THOMSON
809 401 862 448 de
885 400 1098 460 menstruis
1132 397 1371 461 Edinburg
1394 404 1529 457 1765.
1558 399 1635 453 8.*

334 487 383 539 J.
413 484 532 531 Frid.
557 485 778 537 ERAst,
816 480 1075 530 Anatomici
1099 478 1406 534 Moscuenfis‚
1443 479 1495 526 de
1518 480 1849 542 molestiisstudii
1873 486 2115 537 anatomici,
2144 504 2169 531 a
2192 483 2271 532 de-

208 548 314 595 liciis
342 553 614 610 maximaque
634 549 735 612 illius
761 547 952 594 utilitate
978 546 1100 607 longe
1120 543 1374 606 fiiperandzk
1411 543 1617 594 Moscuae
1642 553 1776 606 1765.
1799 558 1848 606 4.

799 674 845 732 §.
880 676 1240 724 Mccxxn.
1340 676 1381 737 J.
1412 677 1654 724 Humm.

336 789 378 850 J.
404 790 649 840 HUNTER,
691 786 907 835 Guilielmi
927 784 1087 840 frater,
1119 785 1168 832 in
1197 782 1306 832 Phil.
1341 786 1494 845 Trans]
1524 787 1614 835 Vol.
1637 786 1760 834 LVI.
1801 798 2044 833 anatomen
2074 785 2151 832 dat
2174 801 2278 832 ams⁷

205 851 352 912 phibii
375 851 566 912 bipedis,
599 868 698 910 quae
719 849 858 897 sirene
884 852 1113 897 LmNAEo.
1149 850 1393 896 Pulmones
1411 850 1560 905 habet,
1586 853 1627 898 ἃ
1654 850 1800 898 sinum
1818 849 2053 905 venosum,
2075 850 2130 898 ad
2151 848 2276 897 fimi..

203 918 446 963 litudinem
468 915 720 962 testudinis.
789 914 1008 962 Intestina
1031 911 1200 974 absque
1222 915 1416 961 valvulis
1451 917 1534 962 &c.

329 1017 445 1062 Cum
479 1018 649 1076 Georgii
674 1015 924 1060 ARNAULD
947 1017 1181 1060 Memoires
1210 1012 1262 1059 de
1283 1011 1498 1075 chirurgie
1532 1013 1730 1061 London
1750 1021 1885 1073 1769.
1915 1013 2023 1074 4.*‚
2061 1015 2101 1076 J.
2124 1015 2273 1062 HUNe

204 1093 302 1127 TER
335 1080 388 1125 de
415 1079 527 1125 ostio
550 1080 597 1123 in
620 1078 865 1137 peritomen
894 1077 1025 1129 dixit,
1064 1093 1141 1136 per
1171 1077 1298 1136 quod
1325 1077 1556 1125 testiculus
1579 1080 1688 1132 exit,
1728 1081 1868 1140 inque
1890 1079 2101 1140 vaginam
2125 1077 2275 1132 subit,-

203 1160 302 1202 quae
325 1144 429 1189 inde
462 1143 514 1188 de
547 1140 738 1212 superna
764 1153 890 1200 parte
923 1140 1143 1193 solvitur,
1180 1151 1314 1205 atque
1341 1155 1604 1190 excaecatur.
1688 1144 1758 1189 De
1791 1143 2092 1191 sustentaculo
2123 1142 2275 1197 testisr

203 1208 256 1253 de
279 1208 375 1268 ejus
406 1205 601 1253 serotina
628 1219 678 1250 m
706 1201 904 1250 scrotum
932 1205 1221 1265 migratione.

333 1307 466 1353 IDEM
485 1307 526 1351 &
541 1304 636 1354 W.
651 1304 884 1353 HEWSON
911 1304 960 1349 in
973 1301 1080 1350 Phil.
1102 1304 1253 1364 Tranfi
1278 1306 1332 1353 T.
1351 1306 1518 1354 LVIII.
1541 1305 1657 1354 dixit
1675 1304 1778 1353 vasa
1801 1307 2037 1367 pellucida,
2071 1322 2171 1367 quae
2196 1309 2262 1355 los

202 1386 306 1418 cum
330 1371 575 1416 laeteorum
601 1379 761 1414 tenent
785 1369 834 1414 in
854 1368 1014 1414 avibus
1037 1386 1049 1413 ε
1089 1369 1142 1414 de
1172 1385 1330 1416 eorum
1365 1383 1460 1417 rete
1491 1372 1540 1417 in
1568 1371 1662 1417 imo
1685 1373 1890 1431 pectore,
1931 1374 1972 1418 δι
2001 1374 2054 1418 de
2079 1372 2276 1418 duobus-v

198 1435 425 1480 dudlubus
442 1431 696 1479 thoracicis.
730 1433 791 1478 -In
816 1431 1038 1478 testudine
1057 1431 1216 1479 similia
1234 1432 1338 1480 vasa
1354 1435 1470 1481 vidit
1485 1469 1497 1487 ,
1530 1452 1631 1496 quae
1657 1452 1712 1481 ex
1731 1435 1956 1482 intestinis
1975 1434 2260 1484 adscendant.

329 1533 404 1592 EJ.
447 1529 533 1579 The
558 1532 739 1578 natural
765 1530 920 1592 history
946 1532 998 1593 of
1007 1529 1166 1578 human
1195 1530 1304 1578 teeth
1332 1533 1584 1595 explaining
1614 1532 1726 1582 their
1750 1536 1988 1596 βνιιὲἷιινε,
2038 1535 2105 1593 use
2125 1570 2137 1588 ‚
2161 1535 2270 1595 for-

194 1600 354 1642 mation
395 1594 564 1658 growth
601 1595 691 1642 and
727 1595 902 1655 diseases
950 1597 1147 1642 London
1183 1609 1319 1655 1771.
1353 1595 1434 1655 4*
1502 1599 1676 1659 Belgice
1725 1612 1931 1646 vertente
1966 1602 2098 1646 *Petro
2131 1601 2262 1646 BOD-

197 1673 369 1707 DAERT
405 1659 666 1706 Dordrecht
691 1671 824 1718 1773.
883 1658 1085 1706 Pulchrze
1112 1660 1280 1707 icones.
1326 1659 1546 1708 lucifores
1574 1663 1689 1710 vidit
1719 1662 1888 1723 absque
1908 1664 2108 1709 alveolis.
2163 1663 2271 1710 Uti-⁷

196 1740 284 1784 que
318 1724 500 1770 maxilla
526 1722 716 1769 inferior
750 1723 890 1784 magis
925 1723 979 1768 ad
1018 1725 1181 1784 glenen
1213 1722 1316 1770 offis
1354 1739 1612 1784 temporum
1639 1727 1985 1779 dearticulatur,
2017 1728 2168 1773 minus
2203 1728 2260 1773 ad

197 1788 499 1833 tuberculum.
569 1787 842 1840 Contortit),
864 1787 930 1832 in
966 1804 1056 1846 qua
1093 1788 1290 1848 capitula
1320 1790 1514 1835 maxillae
1548 1788 1776 1836 inferioris
1810 1789 2111 1843 descendunt,
2160 1792 2262 1853 reli-

194 1867 334 1909 quum
358 1848 603 1896 retrorsum
631 1851 749 1897 cedit
771 1868 782 1897 :
825 1853 865 1896 &
889 1851 996 1904 ulia,
1032 1852 1081 1897 in
1096 1868 1183 1911 qua
1196 1864 1331 1912 caput
1355 1855 1546 1899 alterum
1573 1853 1826 1900 antrorsum
1849 1855 2054 1907 ducitur,
2094 1868 2259 1901 retror-

192 1913 295 1960 sum
311 1916 514 1960 alterum.
555 1912 768 1961 Musculi.
820 1915 973 1974 Caput
998 1915 1045 1960 in
1074 1916 1318 1974 aperiendo
1343 1932 1420 1962 ore
1442 1918 1537 1963 nou
1565 1916 1808 1964 retrorsum
1832 1919 1948 1965 duci.
1994 1919 2098 1965 Pars
2112 1919 2258 1965 vitrea

194 1979 342 2024 dentis
375 1979 424 2023 in
452 1979 557 2038 igne
584 1979 772 2039 crepitat
796 1980 837 2024 &
866 1976 1043 2031 diffluit,
1075 1995 1099 2024 a
1122 1979 1253 2025 rubia
1276 1996 1369 2025 non
1399 1976 1623 2041 tingitur:
1663 1999 1760 2041 pars
1787 1980 1898 2028 ossea
1922 1984 2096 2042 utique,
2130 1999 2256 2028 nem-

192 2059 246 2102 pe
269 2043 317 2087 in
331 2058 380 2087 ea
397 2054 520 2101 parte
536 2076 547 2095 ‚
585 2059 684 2101 quae
702 2043 907 2088 nondum
922 2043 971 2088 in
987 2060 1036 2089 os
1048 2042 1316 2089 confirmata
1331 2043 1405 2089 est.
1476 2046 1605 2091 Duos
1618 2045 1773 2092 dentes
1801 2049 1989 2093 molares
2005 2047 2254 2093 anteriores

189 2121 212 2151 a
234 2105 558 2165 posterioribus
580 2105 765 2166 separat.
834 2107 962 2153 Novi
987 2106 1143 2153 dentes
1169 2105 1273 2154 suos
1305 2109 1424 2154 nacti
1443 2111 1667 2162 alveolos,
1698 2109 1897 2157 vetustos
1917 2127 2013 2156 non
2037 2109 2249 2162 subeunt„

193 2185 340 2228 neque
366 2171 584 2228 primores
611 2171 873 2230 expellunt,
911 2186 1107 2230 quorum
1131 2171 1300 2218 radices
1326 2170 1485 2231 sponte
1512 2173 1786 2220 delabuntur
1805 2208 1816 2227 ‚
1856 2176 1896 2220 ἃ
1916 2177 1995 2235 qui
2018 2172 2098 2235 ipsi
2117 2172 2262 2234 spon«

191 2244 233 2278 te
258 2233 490 2281 defluunt,
525 2234 664 2279 etiam
689 2234 872 2293 quando
899 2234 1012 2280 novi
1031 2235 1148 2281 nulli
1173 2233 1434 2282 succedunt.
1506 2237 1587 2283 Vis
1617 2253 1640 2282 a
1670 2238 1788 2284 mole
1812 2241 1956 2285 aneta.

324 2332 460 2378 IDEM
491 2333 539 2378 in
569 2331 679 2381 Phil.
713 2333 866 2392 Trans
897 2334 984 2381 Vol.
1007 2335 1153 2386 LXII.
1203 2335 1526 2381 Ventriculum
1562 2337 1766 2383 animalis
1801 2335 1843 2383 se
1869 2335 2014 2398 ipsum
2043 2334 2246 2396 subigere

188 2397 479 2505 ἓὶἳὲξῑίῑέἓέε),
515 2407 569 2442 ut
603 2398 791 2457 pylorus
824 2397 1019 2459 digestus
1047 2398 1299 2459 aperiatur,
1338 2401 1381 2446 St
1409 2399 1559 2445 cibum
1590 2417 1667 2462 per
1697 2399 1903 2448 foramen
1932 2403 1981 2449 in
2019 2401 2254 2448 abdomen

241 2535 257 2540 ⁴*
316 2541 369 2586 In
397 2538 505 2588 Phil.
541 2540 695 2599 Trans]
727 2541 815 2589 Vol.
839 2542 1008 2588 LXIII.
1043 2540 1254 2590 describit
1283 2543 1512 2592 musculos
1543 2547 1811 2607 torpedinis,
1843 2547 1922 2606 qui
1941 2548 2099 2606 utique
2125 2543 2249 2593 must,

185 2604 278 2651 culi
302 2602 407 2650 sunt
430 2623 441 2651 :
478 2616 576 2651 tum
604 2603 862 2651 cellulosam
893 2607 1028 2652 telam
1046 2640 1058 2659 ‚
1097 2608 1138 2653 &
1163 2623 1329 2655 nervos
1360 2622 1497 2669 atque
1518 2611 1699 2657 arterias
1730 2628 1807 2671 per
1831 2628 1930 2657 eam
1964 2609 2142 2670 sparsas.

312 2688 366 2732 In
387 2686 497 2734 Phil.
523 2686 676 2746 Trans.
704 2687 792 2735 Vol.
817 2687 986 2734 LXIV.
1014 2687 1224 2742 ostendit,
1256 2697 1402 2736 aerem
1427 2708 1482 2737 ex
1507 2693 1677 2739 cellulis
1708 2693 2007 2752 pectoralibus
2040 2694 2080 2739 &
2105 2692 2253 2738 abdo--

183 2750 424 2797 minalibus
453 2751 789 2797 communicare
819 2753 867 2796 in
905 2767 1012 2798 cava
1044 2751 1130 2798 ossa
1157 2754 1425 2800 animalium
1455 2757 1739 2802 volantium,
1775 2756 1942 2815 quibus
1976 2756 2077 2801 ideo
2113 2757 2256 2803 nulla»

182 2813 231 2857 in
263 2813 348 2859 offe
368 2816 565 2861 medulla
586 2815 663 2868 fit,
702 2815 749 2860 in
770 2814 993 2867 sternum,
1023 2813 1187 2870 femur,
1226 2816 1485 2871 humerum,
1514 2821 1822 2865 vertebrarum
1851 2836 2003 2865 cavam
2034 2819 2207 2867 thecam
2225 2853 2259 2874 2.

182 2877 362 2923 cellulas
393 2879 535 2924 cranii
571 2878 699 2938 (huc
726 2895 780 2924 ex
811 2878 985 2932 tuba).
1055 2881 1166 2926 Non
1192 2895 1343 2928 autem
1373 2881 1454 2928 else
1478 2881 1646 2928 factum
1683 2883 1736 2927 ad
1762 2885 1998 2931 volatum-.
2054 2885 2110 2932 In
2143 2901 2240 2931 om·-

180 2938 319 2988 nibus
343 2942 500 2993 avibus
524 2943 710 2994 videtur
733 2943 846 2992 aeris
875 2941 955 2992 effe
986 2947 1320 3007 receptaculum
1339 2980 1352 3000 ‚
1394 2949 1435 2993 &
1462 2947 1600 2995 robur
1626 2947 1976 3010 vocisvaugere..

1208 3027 1268 3076 Ii
1302 3028 1432 3078 112⁴
2181 3028 2255 3078 Ina
