2531 3394
410 135 450 189 ς,
484 133 620 192 ιιςς».
653 132 790 191 115⁶.
847 129 1069 182 VANm.
1118 128 1302 180 mm.
1363 129 1733 182 MACNEVEN.
1791 119 2003 188 mom.
2151 147 2238 199 με

188 262 287 374 dms
319 261 594 373 mtlrmbranis
617 295 631 316 ‚
681 277 780 309 non
810 262 848 311 is
886 265 1045 311 auctor
1068 296 1082 317 ‚
1144 263 1221 310 eui
1256 272 1416 309 contra
1451 261 1746 311 Cunnum
1779 255 2110 329 memuque
2151 281 2244 315 cre·-

220 341 291 373 ere
318 343 372 373 ve
392 342 445 373 is.

317 408 473 455 Altera
499 407 684 469 epistola
719 407 781 455 est
812 408 862 454 in
889 406 1080 454 raccolta
1100 405 1315 459 FABBRI,
1360 405 1505 466 inque
1530 407 1585 454 T.
1607 407 1665 455 11.
1719 408 1894 455 Omnes
1923 407 2013 456 fere
2041 413 2246 472 corporis

189 473 397 520 animalis
444 484 588 532 partes
624 470 812 523 sentire,
863 472 999 517 etiam
1028 469 1284 516 cellulosam
1313 471 1448 516 telam
1471 504 1483 522 ,
1532 472 1655 518 oculi
1690 473 1892 518 tunicam
1925 490 2130 520 corneam
2157 480 2241 523 &a

187 538 258 584 De
280 536 545 583 tendinibus
574 550 728 582 tamen
752 533 944 586 fatetur,
982 532 1061 579 sibi
1103 535 1281 581 relictos
1308 549 1467 594 parum
1503 532 1680 582 sentire.
1769 537 1920 582 Multa
1946 535 2003 582 ab
2028 538 2240 586 indefini-

187 602 246 648 tis
278 600 483 662 partibus
516 599 775 646 dolentibus·
808 595 887 643 fibi
909 596 1059 643 sumit.

324 680 486 729 Thomae
525 682 718 732 LAGH1‚
749 677 1073 731 Bononiensis,
1110 677 1351 725 adversarii
1390 679 1522 725 etiam
1561 677 1728 732 nostri,
1774 677 1848 725 sed
1883 696 1980 727 non
2011 698 2113 728 cum
2150 681 2243 730 isti-s

188 745 486 798 numerandi,
522 744 686 805 epistola
720 741 979 802 responsoria
1012 743 1069 788 ad
1099 744 1369 789 CAESARmm
1402 744 1560 789 Pozzx
1605 740 1783 790 Bonon.
1804 752 1937 801 1756.
1963 743 2077 791 fol.*
2120 747 2242 804 Saepe

189 811 239 856 in
267 808 356 856 suis
390 808 706 867 experimentis
738 806 974 858 animalia,
1011 823 1208 866 quorum
1237 807 1445 852 tendines
1474 808 1515 851 &
1535 805 1693 851 duram
1714 806 2022 854 membranam
2047 806 2242 861 laeserat,

191 875 319 920 nulla
343 869 495 918 sensus
530 869 652 929 figna
675 868 836 915 dediffe
859 903 871 921 ‚
911 867 985 914 sed
1012 868 1171 915 dediffe
1201 871 1334 921 alias,
1373 870 1481 915 dum
1512 870 1733 915 candente
1760 869 1878 916 ferro
1910 872 2119 918 tendines
2147 888 2244 932 per-

192 934 469 982 forabantur.
537 935 745 980 Nervum
779 949 818 991 a¹
842 933 1006 992 quinto
1043 949 1146 993 pare
1174 935 1229 980 ad
1259 935 1420 980 duram
1448 933 1754 979 membranam
1785 935 1956 981 cerebri
1990 949 2173 982 euntem
2199 933 2243 981 se

187 998 340 1047 vidilse
375 1007 520 1058 putat.

314 1080 386 1140 EJ.
425 1082 493 1124 De
512 1076 794 1135 injechonibus
815 1078 865 1124 in
887 1078 1064 1124 Comm.
1093 1079 1270 1124 Bonon.
1286 1078 1368 1124 IV.
1390 1095 1432 1139 p.
1458 1089 1560 1135 123.
1629 1079 1804 1126 Laudat
1827 1082 1979 1127 oleum
2002 1096 2170 1128 nucum
2200 1082 2246 1129 δι

191 1146 350 1206 gluten
379 1143 633 1203 pelliceum.

315 1225 390 1285 EJ.
425 1227 496 1284 Ep.
515 1221 571 1268 ad
583 1226 682 1276 Jac.
700 1225 747 1269 B.
772 1224 990 1270 BECCARI
1004 1224 1192 1284 Bologn.
1217 1234 1352 1282 1757.
1369 1221 1485 1270 soh*
1519 1222 1609 1270 Etfi
1624 1240 1694 1270 me
1716 1226 1841 1284 cupit
1861 1223 2125 1279 refutatum,
2152 1226 2244 1285 ple-

187 1304 378 1347 rumque
409 1299 562 1333 tamen
592 1284 751 1333 similia
775 1287 891 1333 vidit
912 1304 1114 1333 meorum
1134 1321 1147 1339 ‚
1183 1290 1225 1333 &
1259 1285 1436 1333 sensum
1465 1287 1519 1334 iis
1547 1287 1687 1334 deeffe
1720 1290 1945 1348 partibus,
1988 1290 2036 1334 in
2070 1290 2242 1349 quibus

185 1353 364 1399 nullum
406 1351 684 1397 inveneram.
754 1351 934 1397 Nervos
964 1351 1128 1397 tribuit
1166 1352 1290 1397 durae
1330 1352 1637 1405 membranae,
1685 1355 1761 1412 qui
1791 1351 1897 1398 sunt
1922 1354 2094 1399 arteriae
2124 1369 2242 1400 rece-

186 1415 366 1476 ptaculi.
405 1415 517 1460 Non
543 1411 714 1474 semper
734 1414 1049 1461 convulfiones
1077 1431 1132 1460 ex
1153 1413 1253 1461 laeso
1282 1416 1462 1461 cerebro
1487 1413 1625 1474 sequi.
1662 1416 1800 1462 Redit
1815 1417 1864 1462 in
1880 1417 2060 1462 Comm.
2076 1418 2131 1463 T.
2150 1418 2234 1463 IV.

314 1497 388 1556 EJ.
427 1497 496 1542 De
524 1496 749 1542 mortibus
776 1497 928 1542 avium
956 1497 1005 1542 in
1039 1494 1151 1542 vafis
1187 1494 1358 1542 clausis.
1431 1496 1498 1542 Ab
1531 1496 1749 1543 odoribus
1778 1514 1899 1544 mors
1937 1499 2232 1551 acceleratur,

185 1561 227 1606 &
249 1566 324 1605 a‘er
349 1560 494 1606 levior
516 1557 585 1612 fit,
616 1572 668 1606 ut
689 1559 998 1621 hydrargyrus
1026 1558 1262 1606 subsideat.
1331 1559 1627 1606 Recuderunt
1644 1561 1694 1606 in
1707 1562 1883 1622 Allgem.
1907 1566 2088 1623 Magna.
2104 1562 2239 1609 T‚.V‚

315 1640 516 1702 Giuseppe
539 1642 782 1688 BERToss1
814 1641 920 1689 della
935 1640 1167 1702 fhkfibilitd
1191 1641 1243 1687 ed
1272 1640 1531 1688 irritabilitci
1565 1641 1664 1689 delle
1683 1647 1809 1704 parti
1840 1643 1910 1690 del
1930 1656 2055 1707 corpo
2080 1660 2241 1692 amane-

184 1705 369 1754 Padoua
397 1713 531 1763 1756.
554 1711 596 1759 8.
634 1705 817 1752 Smrru.

911 1840 946 1888 §·
984 1837 1038 1883 M
1052 1837 1090 1882 C
1105 1837 1140 1883 L
1152 1836 1198 1884 V
1211 1837 1246 1883 I.
1354 1840 1490 1884 Varii.

323 1930 533 1978 Theodori
565 1933 740 1979 BARON
771 1936 902 1980 Coum
925 1933 977 1978 de
1007 1931 1165 1992 chymie
1196 1933 1250 1979 de
1267 1934 1476 1980 LEMERY
1511 1950 1620 1979 revu
1645 1937 1812 1996 corrige'
1829 1933 1888 1991 ἓξ
1910 1941 2135 1998 augmenti?
2149 1950 2247 1998 par

184 1997 239 2043 T.
266 1993 312 2043 B.
345 1996 466 2042 Paris
492 2002 624 2053 1756.
653 1999 730 2054 4⁹⁶
796 1997 994 2043 Plurima
1030 1997 1191 2056 utique
1217 1997 1380 2056 adjecit
1399 2030 1410 2048 ‚
1447 1997 1501 2041 ad
1524 1997 1728 2043 nostrum
1754 2000 1890 2044 finem
1923 2002 2086 2060 aliqua.
2137 2003 2239 2048 Fer-

185 2076 280 2106 reas
309 2059 549 2119 particulas
576 2072 710 2119 negat
739 2060 793 2105 ad
826 2059 1089 2120 sanguinem
1116 2061 1305 2111 venire3
1340 2059 1523 2106 salivam
1558 2077 1663 2106 cum
1693 2061 1777 2108 usu
1804 2065 1979 2123 argenti
2007 2065 2102 2110 vivi
2136 2067 2240 2111 vult

185 2121 450 2169 alcalescere.
522 2125 663 2170 Alcali
695 2125 887 2170 animale
915 2141 1011 2169 non
1042 2126 1191 2170 evolvi
1223 2125 1387 2169 leniori
1413 2126 1558 2169 calore
1577 2158 1589 2176 ,
1640 2141 1777 2184 quam
1805 2125 1865 2172 est
1888 2143 2014 2188 aquae
2042 2129 2236 2175 bullien-

183 2187 257 2232 tis.
327 2185 615 2246 Phosphorus
641 2186 852 2233 urinosus
879 2185 1022 2233 sulfur
1053 2188 1112 2233 est
1136 2188 1263 2233 acido
1289 2185 1389 2233 salis
1422 2187 1587 2233 marini
1614 2185 1881 2237 saturatum.
1949 2190 2081 2239 Nihil
2097 2193 2235 2238 intem

184 2249 367 2303 cedere,
400 2251 512 2309 quin
535 2251 690 2298 nervei
709 2252 897 2311 liquoris
924 2263 1085 2297 natura
1115 2249 1166 2297 fit
1193 2252 1340 2312 ignea.

313 2332 580 2392 JOURDAIN
611 2349 839 2380 nouveaux
863 2333 1058 2378 elements
1087 2331 1394 2394 d'odontologie
1429 2332 1548 2379 Paris
1571 2340 1704 2391 1756.
1738 2344 1806 2381 12.

308 2413 383 2472 EJ.
430 2423 488 2458 tr.
530 2412 600 2458 des
636 2413 780 2473 depots
807 2414 914 2459 dans
949 2415 1004 2459 les
1027 2413 1143 2471 sinus
1177 2414 1433 2459 maxillae-es
1471 2411 1564 2468 &a
1616 2415 1736 2462 Paris
1763 2423 1896 2475 1761.
1936 2414 2015 2471 8.*
2082 2418 2245 2464 Brevia«

183 2478 381 2537 partium
418 2474 692 2521 adfectatum
718 2489 940 2522 anatome.
1009 2479 1180 2523 Dentes
1206 2479 1368 2522 lacteos
1404 2493 1427 2521 a
1452 2475 1658 2524 secundis
1688 2481 1886 2540 depelli,
1930 2480 2014 2540 qui·
2029 2497 2244 2527 accurate·

187 2556 345 2587 eorum
374 2538 600 2584 radicibus
628 2537 956 2599 subjiciuntur,
993 2539 1115 2586 secus
1142 2543 1261 2586 acin
1288 2541 1550 2587 molaribus.

172 2671 175 2673 ,
311 2622 384 2680 EJ.
424 2617 536 2680 Effizi
557 2621 637 2678 fiir
658 2620 955 2681 laformation
982 2621 1051 2667 cles
1075 2621 1194 2667 slents
1228 2621 1348 2667 Paris
1378 2628 1510 2678 1766.
1540 2621 1649 2667 12.*
1716 2622 1923 2671 Obscure
1945 2623 2125 2684 scripsit.
2177 2625 2240 2672 ln:

185 2685 396 2732 dentibus
421 2684 549 2729 acido
581 2684 756 2743 liquore
782 2683 938 2731 solutis
964 2684 1038 2731 fila
1071 2686 1183 2731 vidit
1212 2686 1253 2730 &
1277 2682 1490 2731 vesiculas
1511 2720 1522 2738 ,
1565 2689 1697 2732 etiam
1735 2688 1784 2733 in
1814 2701 1936 2747 parte
1974 2690 2113 2733 vitrea
2138 2688 2238 2734 fila..

182 2750 265 2794 Per
300 2746 513 2794 vesiculas
550 2745 731 2793 succum
771 2749 1012 2794 nutritium
1043 2747 1235 2799 sudare3
1279 2749 1327 2793 in
1360 2748 1720 2795 iis-conservari.
1805 2749 1986 2810 Abstine
2014 2751 2244 2810 periosteo-·

186 2812 341 2858 dentes
364 2809 484 2856 nasci
508 2809 790 2856 manifestum
819 2812 906 2864 est,
943 2815 984 2858 ἃ
1008 2828 1064 2858 ex
1083 2813 1257 2873 glutine
1282 2809 1395 2858 fieri.
1465 2811 1583 2858 Vasa
1611 2812 1757 2859 dentis
1777 2830 1874 2859 non
1900 2815 2082 2861 aboleri.
2130 2815 2234 2861 Ru-

187 2873 385 2920 dimenta
415 2874 621 2920 dentium
657 2875 866 2922 delineat.

317 2954 465 2999 David
490 2956 791 3002 Wmcfflm
810 2989 821 3009 ,
848 2956 945 3018 jun.
961 2991 982 3012 ,-
1004 2961 1193 3021 genuina
1229 2959 1345 3004 ratio
1388 2973 1467 3003 cur
1496 2956 1729 3019 pleuritide
1743 2956 1941 3018 saeviente
1967 2975 2079 3006 venae
2103 2957 2240 3017 Ῑέἕῖῐοι

251 3017 391 3076 (Bcbl.
413 3019 548 3070 Anat.
578 3023 697 3069 Tom.
710 3020 810 3077 ΙΙ.)
1304 3020 1347 3067 U
1366 3035 1396 3066 u
1432 3036 1469 3066 u
2081 3022 2241 3084 adfer-5312*
