2531 3394
597 120 599 122 ’
663 141 1060 205 §.11971198
1130 144 1366 194 VARII.
1435 145 1792 200 BARTHES.
2024 165 2028 170 ·
2166 163 2252 217 533

336 242 552 301 Guilielmi
584 243 804 293 SHIPP-EN
843 244 894 290 de
913 245 1117 306 placentae
1149 256 1402 305 camatero
1435 261 1550 291 nexu
1584 245 1746 293 Edinb.
1772 254 1903 306 1761.
1935 249 2014 305 8.*
2080 255 2255 304 Contra
2284 302 2290 305 ,

202 309 524 358 commercium
562 310 778 369 placentae
806 325 910 355 cum
939 320 1094 354 matre.
1165 308 1221 353 In
1247 320 1381 354 utero
1419 309 1620 355 relictam
1655 312 1905 371 placentam
1927 348 1939 368 ,
1979 315 2145 367 resecto
2184 319 2253 368 fu.

198 374 353 420 niculo
373 406 385 426 ,
419 373 597 418 nullum
624 371 886 432 sanguinem
913 372 1031 418 dare.

333 452 511 502 Thomas
539 454 733 501 YOUNG
751 454 801 500 de
823 454 927 500 [ιιέῖε
960 450 1200 513 Edinburg
1226 459 1359 512 1761.
1378 455 1455 508 83lt
1520 455 1725 516 Analyfis
1752 459 1876 506 laetis
1898 462 2099 509 vaccini:
2136 466 2252 513 Pon.

198 517 303 565 dera
328 519 485 578 butyri
519 521 559 565 Sc
585 521 814 570 cremeris,
852 534 876 564 a
906 519 1017 563 lacte
1041 515 1320 564 diversarum
1349 535 1585 566 vaccarum
1622 520 1883 570 secedentis.
1952 524 2253 577 Phaenomena

191 585 321 630 'latetis
349 600 450 629 cum
486 584 620 629 variis
654 582 906 642 liquoribus
938 580 1077 626 misti.
1147 582 1432 642 Coagulum,
1467 585 1509 629 Sc
1540 585 1637 644 ejus
1673 602 1776 632 cum
1810 588 1946 635 variis
1980 588 2145 637 salibus
2176 595 2249 639 ad-

196 648 338 693 mistis
368 646 678 708 phaenomena·
750 644 929 691 Caseus.
1001 646 1172 692 Serum.
1243 646 1452 694 Sacchari
1486 664 1541 694 ex
1571 650 1703 696 variis
1733 652 1859 698 lactis
1891 650 2122 712 speciebus
2150 673 2250 716 por.

197 712 359 758 tiones.
432 709 769 770 Analyfislac'tis
788 707 1069 755 diversorum
1088 709 1373 764 animalium,
1405 713 1506 758 alia.
1575 713 1818 775 Egregium
1837 715 2120 778 opusculum,

632 823 675 880 §.
712 824 1101 871 MCXCVIII.
1204 825 1329 871 Paul.
1363 824 1518 888 ,Ioseph
1547 828 1795 878 BARTHES.

327 924 437 974 Paul
457 921 608 984 ,Ioseph
639 923 870 969 BARTHES
897 924 1130 982 quaestiones
1156 922 1321 968 medica:
1356 922 1577 970 duodecim
1619 925 1844 988 Monspel.
1874 936 2011 987 1761„
2041 933 2119 991 4.*
2171 933 2253 981 Iri.

196 990 296 1036 (lem
337 1008 359 1035 a
392 987 608 1049 sanguine
638 986 848 1046 congesto
893 987 1109 1039 dilatari,
1160 988 1346 1033 oculum
1391 1004 1415 1033 a
1450 987 1728 1047 proceffibus
1766 992 1995 1042 ciliaribus
2040 997 2248 1057 produci.

196 1056 308 1102 Non
344 1053 539 1113 benigne
576 1051 629 1097 de
656 1051 889 1096 BORELLO
915 1051 1104 1108 judicat.
1193 1051 1536 1098 CAES'ALPINUM
1581 1053 1661 1099 effe
1698 1055 1988 1105 inventorem
2029 1061 2250 1110 circuitus

194 1116 455 1179 sanguinis,
503 1113 790 1163 anuruum
824 1112 975 1173 pulsus
1003 1112 1187 1166 venosi,
1238 1115 1361 1174 quod
1401 1132 1502 1161 eum
1539 1133 1577 1162 a.
1609 1131 1743 1177 1749.
1776 1119 2069 1183 descripserit.
2138 1127 2251 1173 Non

194 1179 420 1241 descripsit
442 1197 494 1226 eo
519 1196 664 1230 anno,
703 1175 775 1223 sed
801 1194 923 1222 anno
945 1190 1076 1235 1753.
1147 1181 1557 1226 SCHL1CHT1NG11
1586 1184 1894 1242 experimenta
1917 1203 2040 1234 anno
2061 1187 2247 1236 demum

200 1258 337 1302 1750.
381 1243 683 1305 prodierunt,
743 1258 842 1301 quae
889 1243 1202 1288 LAMURIANA
1250 1259 1575 1302 provocarunt.
1675 1248 1888 1295 LACAzu
1940 1249 2128 1310 systema
2173 1255 2249 1300 de-

195 1307 355 1355 fendit.
425 1308 595 1353 Paucos
622 1304 703 1351 effe
725 1307 773 1351 in
802 1307 1066 1352 tendinibus
1088 1323 1277 1360 nervos,
1316 1310 1358 1353 &
1388 1324 1464 1354 eos
1499 1320 1653 1356 tamen
1684 1312 1843 1359 acriter
1866 1312 2049 1363 sentire.
2120 1318 2245 1365 Con-

198 1371 354 1419 fundit
379 1371 727 1417 irritabilitatem
758 1386 867 1416 cum
886 1367 1099 1416 facultate
1120 1369 1356 1418 sentiendi.

325 1455 398 1514 EJ.
433 1457 714 1513 Deprincipio
728 1453 859 1497 vitali
874 1450 1045 1498 hominis
1077 1450 1303 1513 Mouspel.
1326 1465 1460 1512 1773.
1480 1452 1562 1513 4*
1603 1453 1838 1506 Archaeum
1865 1460 2083 1517 admittit,
2109 1481 2246 1526 quem

192 1530 327 1565 vocat
355 1517 628 1577 principium
656 1517 804 1568 vitale,
834 1518 875 1562 8<
908 1517 987 1575 qui
1016 1514 1068 1562 sit
1092 1514 1315 1578 scaturigo
1350 1519 1518 1564 virium
1554 1521 1780 1569 vitalium.
1862 1525 1980 1573 Eum
2009 1528 2250 1577 Arehaeum

193 1598 342 1642 neque
368 1579 482 1628 fines
508 1579 719 1641 praevisos
747 1580 911 1626 habere
944 1594 998 1626 ut
1023 1583 1199 1634 anima,
1237 1598 1384 1642 neque
1415 1599 1535 1629 mere
1574 1584 1845 1635 mechanicis
1882 1590 2249 1652 impreffionibus

193 1647 288 1707 regi
323 1657 378 1693 ut
405 1662 582 1706 corpus.
655 1649 794 1705 Agere
833 1647 874 1691 Sc
909 1661 984 1704 per
1015 1658 1193 1691 motum
1221 1647 1428 1706 rapidum
1458 1646 1785 1705 musculorum,
1826 1655 1866 1698 &
1894 1671 1971 1714 per
2006 1657 2249 1704 lentiorem

193 1723 372 1757 tonum.
398 1709 661 1756 Eumdem
692 1710 943 1755 humorum
971 1707 1192 1754 miscelam
1219 1709 1395 1756 servare
1419 1712 1724 1765 immutatam.
1812 1718 1880 1762 Ad
1909 1735 2012 1765 eum
2037 1718 2251 1768 sensatio-

195 1791 298 1820 nem
326 1775 576 1835 pertinere,
617 1790 761 1833 neque
797 1775 935 1820 ullam
967 1773 1169 1833 corporis
1204 1788 1374 1833 partem
1412 1774 1577 1836 absque
1601 1779 1755 1838 aliquo
1787 1778 1917 1828 sensu
1955 1782 2061 1837 esse,
2100 1801 2248 1845 neque

201 1837 378 1884 sensum
409 1855 430 1882 a
457 1839 608 1884 nervis
643 1838 839 1883 omnino
875 1837 1084 1898 pendere.
1155 1840 1265 1884 Non
1293 1852 1465 1886 certum
1499 1839 1609 1893 effe,
1645 1842 1741 1902 post
1766 1861 2038 1907 quemquam
2066 1846 2248 1896 sensum

192 1915 366 1949 certum
391 1915 565 1947 motum
588 1899 725 1961 sequi.
780 1900 1081 1962 Sympathiae‚
1118 1901 1396 1962 potiffimum
1424 1920 1501 1964 per
1526 1921 1689 1952 nervos
1716 1920 1870 1968 agunt.
1926 1912 2105 1972 Cuique
2123 1930 2251 1974 orga-

193 1983 256 2012 no
291 1967 407 2012 vires
440 1964 547 2012 sunt
576 1964 822 2012 sentientes
859 1968 899 2013 ἃ
924 1979 1187 2025 moventes,
1225 1984 1301 2027 per
1335 1984 1444 2027 quas
1476 1967 1552 2015 sua
1578 1973 1754 2017 achone
1782 1971 2071 2035 defungatur.
2134 1978 2250 2024 Cor-

193 2031 316 2091 poris
345 2032 394 2076 in
425 2030 535 2076 duas
568 2043 714 2090 partes
744 2029 917 2076 divisio.
988 2029 1228 2076 Archaeum
1263 2031 1398 2077 etiam
1433 2033 1607 2093 magnis
1635 2033 1891 2084 laesionibus
1918 2038 2169 2087 affuescere.

320 2113 395 2173 EJ.
456 2117 589 2158 Nova
641 2111 834 2159 doft'yina
872 2112 922 2158 de
955 2112 1242 2174 fimSJionihm
1290 2125 1456 2160 naturae
1501 2114 1688 2162 hunumae
1731 2118 1958 2180 Monspel.
1996 2134 2129 2181 1774.
2165 2122 2249 2182 4,.ἱίβ

193 2175 489 2236 Physiologiae
514 2177 851 2236 compendium,
875 2178 924 2223 in
952 2193 1044 2237 quo
1061 2176 1335 2238 principium
1367 2179 1502 2223 vitale
1526 2178 1815 2235 dominatur,
1852 2186 1976 2244 quod
2009 2187 2077 2232 vir
2099 2186 2166 2234 Cl.
2191 2188 2245 2234 ab

195 2242 344 2287 anima
368 2238 562 2299 separat,
602 2242 731 2300 eique
768 2239 857 2287 fere
897 2258 1054 2288 omnes
1086 2242 1192 2287 vitae
1224 2240 1434 2287 humanae
1463 2240 1719 2291 funciiones
1752 2247 1925 2295 tribuit.
1997 2252 2139 2297 Arcus
2172 2268 2248 2312 zy-

194 2305 444 2364 gomaticus
473 2305 701 2350 maxillam
733 2303 1005 2365 superiorem
1040 2305 1094 2350 ad
1133 2306 1371 2352 calvariam
1398 2304 1563 2353 firmat.
1652 2310 1796 2356 Aliam
1833 2311 1913 2358 else
1944 2314 2036 2360 vim
2068 2328 2248 2361 contra.²

194 2369 344 2414 &ilem
377 2369 645 2420 ventriculi,
685 2371 825 2415 alium
850 2369 1168 2429 peristalticum
1193 2383 1386 2415 motum.
1458 2373 1575 2416 Ante
1605 2370 2004 2423 fermentationem
2040 2379 2247 2426 ciborum

194 2434 431 2477 coclricem
461 2433 746 2491 putredinem
778 2434 1041 2492 praecedere.
1110 2434 1290 2493 Cuique
1318 2434 1502 2480 animali
1530 2433 1660 2482 suum
1687 2436 1767 2484 effe
1793 2441 2065 2501 principium
2092 2444 2244 2490 vitale.

193 2494 508 2541 Charaisterem
545 2496 727 2542 vitalem
762 2497 988 2543 alimentis
1015 2495 1293 2556 potiffimum
1321 2514 1345 2543 a
1380 2497 1470 2543 bile
1497 2498 1734 2559 impertiri.
1806 2503 2127 2552 Oscillationes
2161 2506 2247 2552 cir—

192 2562 338 2606 cuitui
368 2558 601 2619 sanguinis
632 2558 871 2619 oppositas,
909 2563 950 2607 ἃ
976 2559 1314 2608 retroceffi011es
1342 2562 1391 2607 in
1416 2578 1575 2609 venam
1604 2578 1837 2624 portarum
1865 2566 2147 2627 frequentius
2180 2572 2247 2616 lo-

194 2639 298 2670 cum
325 2621 501 2669 habere.
573 2624 847 2683 Sanguinem
875 2627 923 2670 in
950 2625 1083 2671 lienis
1111 2626 1294 2672 cellulas
1319 2626 1510 2686 deponi,
1549 2628 1616 2674 ibi
1641 2629 1879 2689 quiescere.
1950 2631 2128 2678 Pulsum
2163 2633 2246 2680 esse

193 2704 220 2733 a
250 2701 379 2734 motu
413 2686 697 2747 peristaltico.
786 2689 896 2734 Non
918 2689 965 2733 in
994 2705 1044 2734 ea
1071 2689 1271 2741 ratione,
1309 2704 1397 2749 qua
1421 2688 1511 2737 suae
1538 2693 1704 2753 origini
1731 2696 1914 2754 propius
1945 2695 2026 2747 est,
2063 2698 2248 2744 celerio-

193 2767 240 2797 ra
255 2749 373 2798 fetus
399 2753 678 2797 incrementa
705 2750 800 2798 effe.
871 2753 1044 2798 Partem
1078 2754 1268 2812 pectoris
1298 2752 1559 2801 inferiorem
1590 2757 1710 2802 inter
1739 2757 2050 2817 inspirandum
2072 2777 2167 2807 non
2188 2762 2244 2808 ad

195 2813 378 2861 dorsum
398 2816 517 2862 duci.
590 2818 781 2863 Uterum
811 2814 939 2863 fibris
965 2818 1135 2863 carneis
1160 2833 1258 2864 non
1286 2816 1400 2865 fieri.
1469 2820 1523 2865 In
1549 2822 1707 2880 quavis
1730 2834 1851 2881 parte
1879 2820 1997 2869 fetus
2023 2824 2245 2885 imagines

195 2880 485 2937 analogarum
528 2881 724 2939 partium
762 2892 1003 2940 parentum
1041 2881 1219 2928 excudi.
1304 2881 1540 2930 Musculos
1572 2886 1716 2930 reclos
1753 2886 2023 2945 conjunctos
2058 2891 2247 2935 oculum

196 2941 450 2988 breviorem
477 2943 676 2990 reddere.
745 2945 957 2991 Animam
980 2961 1078 2993 non
1098 2946 1355 2995 immediate
1376 2960 1529 2995 motus
1551 2947 1812 2996 arbitrarios
1831 2950 2094 3010 producere.
2136 2954 2246 3000 Vim

196 3004 294 3052 dari
324 3004 375 3052 in
401 3005 586 3054 homine
608 3008 912 3062 imitatricem.

1843 3094 1890 3153 §.
1927 3100 2245 3149 MCXCIX.
