2531 3394
880 133 926 195 §-
963 143 1070 198 965.
1104 142 1214 194 966.
1280 134 1329 184 V
1360 136 1399 184 A
1430 129 1527 183 R'I
1559 134 1599 182 1.
1938 164 1945 173 -
2169 140 2260 186 κει

341 267 442 314 Hoc
469 281 592 312 anno
625 278 844 328 ceperunt
872 267 944 314 edi
968 267 1162 316 Medinat
1190 261 1348 326 estium,
1377 262 1468 310 and
1495 262 1781 323 observationi·
1796 263 2022 326 publislsed
2047 266 2099 327 by
2127 284 2153 314 a
2189 268 2263 314 So-

215 333 323 390 ciety
344 342 392 377 at
404 329 668 392 Ehubmgh,
704 333 836 392 cujus
861 330 937 378 sex
960 331 1074 378 tomi
1090 329 1200 375 editi
1214 327 1334 380 sunt,
1365 325 1475 387 saepe
1488 326 1643 380 recusi,
1680 328 1812 384 etiam
1835 329 1997 375 Edinb.
2021 343 2150 388 1752.
2182 326 2262 384 8.*

213 394 388 441 Gallice
419 405 549 454 1740.
566 401 617 448 ¹8.
656 407 860 442 vertente
890 396 959 441 Cl.
989 395 1246 440 DEMOURS
1270 392 1313 438 ἃ
1339 391 1619 437 Amsterdam
1654 393 1808 450 (certe
1825 390 1876 438 T.
1895 392 1966 441 Ι.)
2034 394 2261 454 Compen-

215 458 342 505 dium
372 456 476 504 fecit
501 460 567 504 Cl.
597 460 791 511 LEwls;
830 455 966 520 Effitys
994 454 1279 517 ofEdinburg
1306 453 1462 516 abrigd
1495 454 1690 502 London
1716 460 1852 513 1746.
1883 461 1923 508 8.
1952 455 2104 503 2.Vol.
2164 460 2263 503 Ma-

215 537 304 583 gna
330 538 429 582 pars
458 522 519 568 est
544 523 786 572 MONROI.
859 523 913 568 In
949 521 1056 567 T.1.
1084 516 1303 574 ,Johannes
1340 519 1537 567 GIBSON
1574 516 1780 565 defendit
1810 519 2114 565 nutritionem
2143 518 2264 567 ⁴fetus

215 600 295 646 per
318 602 367 632 os
387 620 398 639 ‚
434 588 475 632 &
501 588 594 633 vim
617 586 853 632 nutri-tiam
888 584 1043 631 amnii.

344 667 479 722 Jacob
505 668 713 713 CALDER
743 664 835 711 duo
864 663 1069 726 exempla
1101 662 1272 712 rariora
1294 660 1459 718 habet,
1500 662 1625 711 aliud
1658 659 1983 711 'intestinorum
2009 661 2269 717 nudorum.'

216 746 321 778 cuni
345 730 537 778 decisent
562 729 815 775 abdominis
846 730 1107 782 involucra,
1143 732 1336 776 alterurn
1365 729 1441 775 ani
1468 726 1619 776 clausi.

344 814 400 860 T.
422 812 502 858 111.
529 809 610 870 obst
637 821 712 866 29.
749 809 971 858 menfium
995 828 1073 872 per
1095 812 1227 858 ulcus
1249 811 1447 858 malleoli
1468 809 1635 858 fluxus.

346 891 501 941 David
522 893 732 939 Laome
760 891 814 938 de
841 908 1005 955 magna
1030 905 1154 954 parte
1184 890 1329 939 amisti
1354 889 1458 940 offis
1487 893 1611 940 tibiae
1634 902 1852 953 reparata.

349 976 405 1021 In
431 976 564 1020 Me‘m.
594 972 647 1019 de
682 977 887 1027 Trevoux
926 986 1058 1032 1733.
1091 976 1157 1021 M.
1179 975 1302 1021 Nov.
1339 975 1386 1020 P.
1417 976 1686 1022 AUGUSTUS
1733 1007 1942 1020 .....
1995 973 2038 1021 S.
2059 973 2103 1038 J.
2129 970 2274 1036 ‘origi-

218 1055 324 1089 nem
351 1037 641 1100 Nigritarum
663 1037 833 1085 CMNO
865 1039 1052 1093 tribuit,
1090 1054 1226 1099 quem
1254 1038 1415 1087 DEUS
1441 1040 1592 1086 colore
1617 1054 1742 1085 novo
1763 1035 2020 1099 signaverit..

605 1165 649 1224 §2
682 1168 725 1214 D
739 1168 1140 1216 CCCCLXVI.
1241 1168 1481 1217 Guilielmm
1514 1169 1902 1223 PORTERFJELD,

351 1263 858 1330 Jatromathematicus‚
895 1265 1047 1313 bonus
1076 1265 1264 1327 scriptor
1289 1265 1345 1312 de
1371 1267 1670 1314 STAHLIANA
1701 1263 1832 1313 sedta.
1915 1265 1971 1312 In
2000 1264 2139 1329 Effizys
2173 1265 2227 1328 of
2247 1284 2275 1313 a

219 1336 385 1445 {ocify
396 1342 462 1442 gt
489 1328 712 1404 Edinburg
741 1340 876 1388 1733.
906 1330 1000 1391 agit
1024 1329 1077 1377 de
1099 1330 1172 1386 vi,
1209 1346 1298 1392 qua
1322 1328 1413 1377 offa
1438 1329 1649 1379 resistunt
1669 1329 1952 1392 ponderibus
1979 1347 2028 1379 ea
2052 1343 2277 1380 transver-

235 1412 300 1445 ἰω
346 1412 391 1442 ra
440 1409 548 1441 uns.

350 1477 427 1539 Εὖ..
466 1476 520 1523 de
543 1475 762 1523 motubus
787 1442 1025 1524 oculorum
1049 1476 1251 1524 externis
1277 1476 1330 1525 in
1351 1477 1406 1525 T.
1424 1474 1509 1525 111.

355 1560 413 1608 Et
439 1561 489 1606 in
518 1560 575 1606 T„
592 1559 677 1606 IV.
708 1557 762 1604 de
792 1559 999 1606 internis.

351 1643 523 1703 EJUSD.
558 1638 739 1701 Insigne
764 1657 878 1701 opus
904 1658 930 1687 a
955 1640 1131 1701 treatise
1153 1657 1206 1689 on
1230 1637 1300 1689 the
1322 1658 1411 1703 eyes
1433 1636 1503 1690 the
1530 1655 1708 1690 manner
1739 1640 1831 1690 and
1848 1640 2118 1705 phaenomena
2143 1639 2199 1705 of
2211 1643 2281 1692 υἱ.

215 1706 309 1769 fion
339 1706 577 1766 Edinburg
600 1717 735 1762 1759.
767 1711 808 1757 8.
837 1703 1030 1751 2.Vol.*
1098 1708 1320 1753 Anatome
1341 1708 1489 1760 oculi,
1528 1709 1661 1753 etiam
1683 1719 1964 1768 comparata,
2001 1724 2104 1755 cum
2134 1711 2282 1756 calcu.

228 1774 284 1820 lis
307 1771 543 1817 nonnullis
570 1771 611 1815 &
639 1767 996 1828 phaenomenum
1019 1769 1409 1817 adnotationibus.
1477 1772 1609 1818 Duos
1642 1787 1808 1818 nervos
1834 1773 2010 1832 opticos
2044 1788 2141 1819 non
2178 1766 2284 1819 mis-

229 1838 331 1883 ceri.
399 1834 570 1882 Melius
604 1832 784 1878 duobus
809 1834 954 1879 ocul-is
982 1850 1066 1880 nos
1095 1834 1272 1887 videre,
1308 1835 1499 1881 unicum
1525 1846 1677 1882 tamen
1707 1838 1930 1895 pundmm
1953 1835 2160 1883 distinete
2184 1850 2283 1897 per.

227 1899 409 1960 spicere.
478 1899 626 1945 Solam
642 1894 1017 1943 consuetudinem
1038 1895 1195 1951 facere,
1224 1909 1276 1944 ut
1297 1898 1455 1944 eodem
1484 1911 1686 1958 ternpore
1705 1910 1896 1959 uterque
1916 1901 2076 1946 oculus
2103 1916 2284 1948 movea-

229 1977 319 2011 tur.
364 1962 543 2022 Pupilla
566 1961 613 2006 in
628 1958 810 2006 senibus
824 1963 1036 2014 aretam,
1066 1977 1215 2022 neque
1229 1961 1380 2008 noster
1392 1962 1534 2009 credit
1548 1961 1854 2017 WHYTTIQ,
1876 1980 1974 2009 eam
1993 1980 2051 2010 ex
2065 1961 2158 2010 sola
2177 1981 2286 2011 con-

229 2026 470 2076 suetudine
502 2023 669 2070 discere
702 2024 751 2070 in
790 2025 987 2071 tenebris
1017 2025 1258 2085 angustari.
1349 2026 1462 2073 Non
1490 2026 1582 2073 duo
1617 2027 1791 2086 objecta
1816 2044 1900 2074 nos
1927 2027 2107 2081 videre,
2152 2027 2284 2088 quod

231 2107 328 2149 non
348 2087 518 2151 poffint
538 2088 638 2135 duae
665 2086 938 2134 sensationes
960 2086 1123 2136 similes
1146 2087 1241 2135 effe.
1309 2090 1499 2136 Lentem
1525 2090 1826 2150 crystallina-m
1849 2087 2112 2152 penicillum
2139 2092 2288 2138 radio-

232 2170 335 2203 rum
364 2153 623 2215 opticorum
653 2168 750 2198 non
774 2152 904 2198 valde
931 2155 1115 2199 arctare.
1184 2153 1255 2199 De
1282 2153 1407 2207 luce,
1444 2154 1498 2200 de
1530 2154 1760 2201 radiorum
1791 2155 2005 2215 penicillo
2034 2157 2076 2202 ἃ
2111 2155 2285 2216 depicta

234 2219 445 2280 imagine.
515 2217 714 2277 Utique,
766 2228 821 2263 ut
854 2217 991 2277 paulo
1026 2217 1152 2278 prius
1185 2216 1358 2265 dictum
1392 2217 1479 2272 est,
1516 2219 1704 2267 oculum
1728 2217 1963 2266 internum
1987 2231 2184 2273 mutaris
2237 2218 2285 2266 id

236 2281 336 2331 fieri
362 2299 388 2328 a
418 2297 606 2340 corpore
636 2281 793 2327 ci'liari.
1516 2283 1522 2291 “

364 2363 540 2409 Tomus
562 2362 622 2408 ΙΙ.
643 2362 697 2408 ad
722 2359 1049 2423 physiologiam
1074 2360 1254 2423 spedtat.
1320 2364 1526 2423 ¹Oculum
1549 2365 1683 2411 unice
1704 2376 1877 2412 remota
1898 2363 2093 2426 spestare
2113 2378 2286 2427 aptutm

238 2443 365 2489 egere
393 2427 646 2472 mutatione
670 2438 729 2472 ut·
749 2425 900 2472 videat
923 2427 1150 2487 propiora.
1219 2427 1288 2475 Ab
1313 2428 1476 2474 animae
1504 2429 1696 2489 imperio
1720 2428 1804 2476 hos
1825 2442 1978 2477 motus
1997 2429 2095 2477 fieri
2112 2430 2287 2487 dudum

239 2491 283 2540 se
313 2502 417 2537 ante
442 2489 771 2536 WHYTTIUM
800 2489 970 2537 vidiffe.
1039 2490 1122 2537 Sed
1158 2492 1291 2537 etiam
1321 2507 1479 2538 omnes
1504 2494 1555 2538 in
1591 2506 1778 2552 corpore
1810 2491 2014 2540 humano
2053 2505 2205 2540 motus
2239 2494 2291 2539 in

239 2554 464 2617 principio
476 2552 765 2598 voluntarios
780 2550 877 2605 effe,
901 2551 1061 2598 sensim
1074 2554 1138 2600 ita
1152 2551 1252 2600 ficri
1270 2551 1569 2614 spontaneos,
1605 2568 1659 2603 ut
1689 2555 2058 2609 nonneceffefit,
2095 2554 2290 2616 expressa

240 2621 479 2669 voluntate
508 2632 583 2662 eos
611 2615 665 2661 ab
686 2615 836 2661 anima
856 2616 1079 2675 imperari.
1150 2618 1361 2664 Animam
1376 2618 1431 2665 ad
1447 2617 1561 2666 fines
1577 2618 1791 2681 praevisos
1815 2633 1966 2667 motus
1987 2622 2114 2672 ciere,
2143 2636 2290 2680 neque

244 2681 325 2730 effe
348 2679 624 2742 superfluum
662 2695 770 2732 enS,
821 2679 954 2738 quale
992 2677 1047 2725 sit
1074 2680 1337 2728 WHYTTH
1367 2683 1535 2730 anima.
1628 2684 1772 2731 fibrae
1812 2684 1971 2730 retinae
2001 2683 2292 2730 latitudinem

242 2747 446 2794 metitur.
521 2744 687 2803 Utique
712 2744 762 2788 in
790 2742 933 2788 oculis
960 2758 1056 2788 non
1078 2741 1283 2803 perfectis
1307 2743 1424 2806 poffe
1455 2758 1584 2793 extra
1614 2747 1808 2794 retinam
1842 2744 1989 2792 sedem
2017 2748 2294 2806 punCtorum

243 2822 449 2864 atrorum
471 2805 567 2854 effe.
634 2808 781 2853 Etiam
817 2804 874 2851 ad
901 2818 1072 2853 remota
1104 2806 1321 2867 pupillam
1353 2810 1529 2870 aperiri.
1609 2811 1978 2870 Experimentum
2014 2810 2295 2858 MARIOTTI

246 2874 444 2933 tepetiit.
510 2869 762 2918 Flabellum
790 2869 944 2917 avium
974 2867 1230 2917 musculum
1254 2869 1350 2918 effe.
1417 2874 1489 2920 De
1515 2873 1728 2920 distantia
1761 2889 1847 2918 nos
1880 2889 1936 2919 ex
1965 2870 2297 2920 consuetudine

247 2937 461 2998 judicare.
531 2935 586 2980 In
611 2932 940 2997 presbyopibus
978 2935 1018 2982 &
1044 2934 1289 2998 myopibus
1323 2935 1444 2995 poss'c
1467 2938 1630 2998 utique
1658 2937 1938 2984 macularum
1965 2934 2113 2984 sedem
2141 2936 2219 2984 effe
2245 2937 2297 2983 in

248 3016 394 3062 “1⁰⁰⁰
417 2998 628 3051 flumme·
880 3032 884 3038 ·
1272 3031 1365 3082 εις
1399 3044 1423 3091 3
1812 3033 1860 3092 s
1892 3032 2294 3084 Dcccctxvn.
