2531 3394
327 137 418 191 768

329 259 524 318 *aalyulae
546 258 601 305 ad
627 258 814 318 parietes
831 255 978 303 cordis
992 250 1316 301 adhaerescunt.

334 323 657 369 Ventriculum
683 336 780 367 non
807 318 922 381 poffe
940 320 1183 365 contractae
1201 314 1318 360 auri-

331 387 444 432 culae
471 385 663 432 resistere
679 419 691 438 ,
713 396 848 444 atque
873 383 983 428 adeo
1003 380 1192 426 dilatari.
1229 377 1318 422 Ali-

332 466 420 509 qua
456 449 680 495 decordis
705 450 746 494 &
774 447 1077 493 auricularum
1108 452 1237 487 motu
1270 441 1318 484 in

332 515 458 571 pullo
488 514 718 561 incubatO.
787 514 898 557 Non
923 507 1097 553 moveri
1115 521 1205 556 cor,
1236 501 1318 548 nisi

331 574 512 636 sanguis
549 577 682 622 ruber
721 572 788 620 fit.
857 572 1014 618 Primae
1041 566 1315 614 contrahun-

330 640 477 686 turin
499 642 625 700 pullo
653 637 888 686 auriculae,
926 635 1117 678 dilatant
1149 631 1319 676 ventri-

331 701 518 750 culum:
558 705 647 754 ille,
678 703 723 747 vi
751 699 1053 745 auricularum
1080 693 1315 746 exhausta,

330 765 522 813 vi-ciffim
537 765 579 812 se
597 763 840 813 contrahit,
879 760 934 805 sic
957 762 1127 805 alterna
1149 757 1202 804 fit
1223 773 1318 803 cor-

333 830 402 876 dis
434 833 475 876 ez
514 829 689 876 aurium
727 825 975 871 contradiio
1018 825 1060 869 &
1097 821 1316 867 dilatatio,

373 895 546 939 Locum
571 894 682 937 bene
701 889 914 950 grandem
942 887 1233 933 VIEUSSENII
1267 884 1318 929 de

329 962 501 1003 remotis
532 953 589 1011 ἓξ
606 957 815 1015 proximis
837 955 1059 1012 principiis
1089 949 1165 995 hic
1189 963 1314 993 recu-

329 1018 428 1067 fum
445 1020 543 1070 dat,
576 1031 628 1064 ut
649 1017 870 1077 adpareat,
900 1014 1013 1060 nihil
1036 1011 1077 1060 se
1101 1011 1316 1059 aVuiUs-

330 1097 480 1132 semo
505 1081 684 1128 habere.

427 1169 464 1217 §.
505 1165 673 1222 EJUSD.
711 1163 783 1206 An
797 1157 979 1221 paffi'om'
998 1155 1079 1204 fin.
1107 1156 1218 1203 adde

327 1228 414 1276 Pro
436 1238 564 1273 motu
588 1224 971 1285 antiperistaltico.

454 1306 536 1355 sub
566 1305 690 1367 §pho
720 1302 1021 1351 adversarium
1051 1301 1163 1348 adde

367 1373 442 1433 EJ.
485 1370 644 1429 Vitiosae
671 1368 844 1415 humani
857 1372 1056 1429 corporis
1073 1362 1316 1411 mechanica:

315 1438 520 1499 specimen
541 1434 657 1485 M.S.
685 1437 769 1487 aJ.
793 1430 988 1480 Gabriele
1016 1430 1065 1476 de
1088 1430 1131 1475 la
1149 1428 1312 1475 VILLE

326 1517 365 1547 a.
398 1506 533 1556 1697.
570 1496 787 1556 scriptum
808 1529 820 1548 ‚
868 1494 928 1540 est
958 1494 1077 1553 apud
1117 1493 1185 1538 Cl.
1219 1492 1314 1538 RA-

325 1576 504 1611 s'rmm.
572 1559 788 1629 Pulsuum
816 1557 1092 1605 cohaerentes
1111 1554 1215 1603 satis
1233 1555 1314 1615 hy-

322 1624 544 1688 potheses.

431 1724 472 1769 p.
493 1718 583 1766 715
618 1703 702 1753 sub
725 1706 752 1751 l.
772 1715 801 1750 2
835 1701 945 1749 adde
970 1701 1025 1748 ad
1051 1717 1185 1763 opera

654 1771 968 1815 Vieussann.

363 1837 420 1883 In
449 1847 507 1882 tr.
533 1833 604 1880 des
623 1832 827 1879 malazlies
851 1835 1036 1875 internes
1069 1830 1311 1876 Toulouze

325 1911 464 1957 1774.
490 1896 570 1956 4.*
613 1898 759 1942 multa
784 1895 975 1940 redeunt
1005 1894 1312 1952 experimenta

321 1962 600 2013 anatomica‚
630 1961 924 2020 injectiones,
962 1958 1309 2008 macerationes,

321 2023 522 2085 analyses
548 2023 783 2076 chemicae,
828 2038 927 2081 quae
957 2021 1005 2066 in
1042 2020 1269 2079 prioribus
1294 2053 1307 2072 ,

321 2105 406 2149 perv
433 2089 574 2136 vitam
603 2088 690 2134 viri
728 2087 889 2138 editis,
939 2084 1122 2145 perinde
1156 2099 1311 2130 occur-

322 2163 445 2200 runt.

573 2232 615 2275 p.
634 2220 730 2272 716
760 2212 843 2260 sub
870 2217 907 2266 §.
931 2211 1049 2271 Ifimc

358 2280 505 2326 LAMY
530 2278 720 2338 discours
743 2283 1032 2337 anatomiques
1078 2275 1308 2322 Bruxelles

325 2349 440 2402 1685
473 2353 543 2389 12.
577 2343 678 2389 Ho.

412 2441 454 2485 p.
470 2434 566 2483 720
600 2420 646 2478 §.
673 2420 819 2480 Ejusd.
839 2420 977 2482 Effizys
1012 2423 1037 2466 l.
1060 2432 1082 2476 3
1121 2420 1218 2481 post

514 2494 650 2542 1690.
678 2497 747 2533 12.
765 2519 778 2537 ‚
810 2485 1094 2531 add.'l'REw.

347 2585 393 2630 p.
411 2579 500 2628 721
539 2566 570 2615 l.
596 2577 651 2615 12
679 2564 884 2612 infimam
916 2564 1011 2625 post
1038 2566 1264 2621 SAV10L1,

602 2629 716 2676 adde
740 2629 984 2676 Patavinus
1002 2663 1015 2681 ‚

316 2723 469 2774 p.,724
485 2713 512 2759 l.
533 2713 705 2772 penult.
729 2710 824 2770 post
849 2721 918 2756 12.
936 2744 948 2763 ‚
971 2708 1026 2756 ad
1050 2710 1154 2756 edit.
1171 2711 1302 2757 tillem.

461 2775 511 2822 de
532 2777 648 2822 l'am.
671 2774 770 2820 add.
796 2780 930 2832 1685.
953 2785 1023 2819 12.
1049 2774 1141 2820 ΤΡ..

345 2889 387 2932 p.
405 2877 501 2929 726
535 2870 629 2931 post
658 2869 696 2926 ἕ.
718 2871 789 2917 In.
807 2869 907 2932 Eph.
924 2873 1036 2916 Nat.
1056 2872 1153 2916 Cur.
1171 2869 1271 2915 add.

346 2955 490 2999 Eman.
518 2952 716 2999 ZAESLIN
747 2952 797 2998 de
820 2952 975 3014 olfieffic
1002 2948 1060 3007 ἓξ
1082 2951 1168 3009 ejus
1184 2949 1306 3009 laefio-

318 3032 364 3062 zze
399 3013 521 3062 Eam.
547 3022 674 3073 1687.
702 3018 781 3074 49*
1051 3062 1054 3066 ,

931 123 1424 176 ΑΠΒΕΝΠΑ
1503 122 1785 170 T02111.

1417 252 1463 302 J.
1489 249 1879 308 GeorgBARTHEL
1898 247 2039 294 debile
2051 249 2163 308 sana
2183 245 2241 303 ἓξ
2260 259 2371 309 agra

1378 311 1503 358 Bafil.
1531 318 1662 369 1687.
1686 309 1769 369 4*

1452 410 1495 453 p.
1515 404 1609 450 727
1645 391 1699 437 ad
1731 392 1758 437 l.
1782 390 1834 437 de
1855 389 2160 449 balsamatione
2184 391 2296 437 adde

1379 457 1575 516 Neapoli
1604 462 1692 514 176
1730 491 1738 499 .
1764 466 1835 501 12.

1455 554 1496 597 p.
1517 548 1609 594 729
1646 542 1680 590 §3
1705 542 1811 594 678.
1841 546 1944 581 ante
1970 547 2036 581 ou
2061 535 2297 582 RONDEL.

1417 622 1464 672 J.
1485 619 1598 665 Paul
1615 619 1773 665 STABE
1807 616 1859 662 de
1886 617 2101 663 Cnssmo
2125 649 2137 668 ‚
2172 612 2269 676 d1ff=
2288 630 2374 675 qua

1380 686 1495 728 ratio
1519 685 1823 743 investigatur,
1848 680 1897 728 ob
1921 695 2048 741 quam
2064 680 2229 741 gallinae
2254 683 2375 727 incu-

1381 744 1479 790 bent
1509 746 1665 791 Mutin
1703 750 1837 799 1688.
1864 750 1906 797 8.

1444 824 1526 872 sub
1550 828 1579 873 l.
1604 832 1628 879 8
1657 824 1788 886 supra
1814 824 2016 872 infimam
2042 822 2095 870 ad
2117 822 2307 886 dzffiwta-

1596 895 1729 937 tiones
1755 891 2007 937 SCHAPEssl
2037 888 2150 933 adde

1420 972 1496 1032 EJ.
1532 971 1584 1017 de
1597 971 1816 1033 glandulis
1836 970 2047 1032 liquidum
2060 960 2374 1029 secernentibm

1379 1036 1581 1083 Rostock
1606 1042 1737 1092 1698.
1761 1046 1806 1094 4.

1444 1134 1485 1177 p.
1504 1129 1598 1175 730
1625 1119 1652 1165 l.
1675 1131 1725 1163 11
1766 1115 1897 1226 suffia
1917 1113 2122 1213 ipfimam
2147 1115 2201 1162 ad
2225 1114 2306 1162 fin.
2380 1105 2390 1110 ’

1786 1197 1810 1227 a
1876 1196 1898 1226 e

1528 1274 1626 1309 tum
1650 1262 1704 1309 ad
1733 1263 1761 1309 l.
1785 1269 1811 1316 8
1838 1260 1969 1322 supra
1988 1259 2210 1307 infimam.

1379 1360 1422 1404 p.
1441 1354 1531 1402 731
1570 1346 1598 1390 l.
1615 1345 1787 1405 penult.
1811 1343 1866 1389 ad
1893 1342 2000 1388 edit.
2026 1342 2185 1390 institt.
2211 1341 2371 1391 VESTI

1695 1406 1806 1454 adde
1834 1418 1969 1464 1731.
1998 1413 2040 1459 8.

1429 1506 1471 1550 p.
1493 1500 1587 1547 732
1619 1489 1647 1535 l.
1661 1501 1706 1548 7.
1742 1486 1836 1534 diff.
1864 1487 1916 1533 de
1932 1487 2040 1548 pulli
2063 1499 2224 1536 natura
2259 1487 2321 1534 est

1695 1559 1830 1610 1695.
1849 1562 1893 1609 4
1924 1553 2038 1599 Riv.

1410 1652 1452 1696 p.
1470 1646 1560 1694 733
1587 1635 1642 1681 ad
1670 1634 1774 1681 edit.
1799 1634 1971 1680 HOFM.
2000 1632 2100 1679 add.
2132 1640 2266 1692 1695.
2289 1639 2333 1687 8.

1377 1763 1433 1810 ad
1448 1763 1552 1809 edit.
1568 1710 1783 1808 medicina}
1791 1703 2023 1807 {Zioniiz'lis
2034 1759 2146 1805 adde
2172 1771 2302 1819 1729.
2317 1772 2363 1821 4.
2396 1820 2398 1822 Υ

1608 1827 1772 1872 Venet.
1800 1835 1936 1883 1730.
1965 1836 2010 1882 4.
2033 1825 2126 1870 ΤΒ.

1613 1909 1642 1954 l.
1663 1921 1681 1952 1
1695 1920 1713 1951 1
1745 1904 1951 1952 infimam
1973 1903 2128 1952 finem.
2327 1957 2335 1963 .

1417 1972 1553 2020 Redit
1565 1973 1613 2018 in
1628 1970 1819 2033 operibus
1830 1969 2018 2016 omnibus
2032 1970 2204 2015 Genev.
2228 1980 2362 2027 1749.

1375 2036 1453 2083 fol.
1476 2034 1660 2089 excusis,
1687 2051 1789 2082 cum
1810 2031 2123 2094 supplemento
2141 2049 2176 2079 a.
2201 2045 2333 2090 1749.
2348 2066 2361 2085 ‚

1377 2103 1417 2147 ἃ
1440 2102 1579 2147 altero
1605 2116 1644 2145 a.
1665 2110 1799 2156 1755.
1820 2096 1900 2144 fol.

1374 2200 1420 2243 p.
1435 2194 1523 2240 741
1560 2181 1614 2228 ad
1628 2182 1847 2228 TAuvRY
1867 2190 1988 2225 anat.
2008 2185 2142 2234 1690.
2165 2189 2234 2224 12.
2259 2177 2362 2225 add.

1406 2263 1436 2291 *
1469 2264 1580 2309 Haec
1605 2262 1744 2308 editio
1771 2261 1923 2307 eadem
1951 2259 2039 2313 est,
2072 2276 2173 2320 quae
2199 2266 2332 2315 1698.
2349 2294 2362 2314 ,

1374 2326 1549 2388 paginis
1569 2324 1660 2372 fere
1687 2338 1726 2384 5.
1745 2324 1929 2371 brevior
1944 2358 1956 2376 ,
1991 2340 2090 2384 quae
2108 2340 2216 2370 vero
2237 2320 2364 2370 diffe-

1373 2393 1519 2500 Eentia
1553 2389 1667 2436 mihi
1693 2406 1717 2436 a
1743 2387 1998 2436 discrimine
2029 2387 2127 2448 typi
2164 2388 2273 2434 oriri
2299 2389 2364 2435 vi-

1407 2466 1519 2501 etur.

1414 2554 1455 2598 p.
1472 2547 1570 2595 744
1607 2536 1636 2582 l.
1657 2547 1680 2592 3
1705 2532 1785 2581 fin.
1810 2533 1910 2580 add.
1938 2533 1993 2579 ad
2017 2534 2316 2581 MARTmEz.

1712 2598 2016 2645 pertinebant.

1404 2663 1480 2709 Ad
1487 2666 1810 2725 proportionem
1837 2665 1878 2709 C.
1907 2665 1967 2707 H.
2000 2658 2059 2714 ἓξ
2087 2664 2357 2707 anatomiam.

1370 2727 1665 2774 Recuderunt
1689 2722 1894 2773 Francof.
1935 2726 1975 2771 &
2008 2721 2122 2783 Lips.
2152 2730 2283 2778 1692.
2314 2730 2356 2778 8'.

1368 2793 1540 2838 TREw.

1445 2872 1499 2918 ad
1523 2870 1633 2932 disp.
1654 2872 1719 2918 Μ.
1743 2871 1791 2916 Ε.
1807 2844 2150 2916 ErTMULLEm
2174 2867 2286 2915 adde

1413 2950 1487 3009 EJ.
1528 2949 1579 2997 de
1597 2947 1836 2998 ventriculo
1871 2943 1987 3008 Lips.
2006 2957 2122 3006 1725
2132 2982 2140 2994 .
2164 2959 2213 3005 4.
2329 3016 2354 3064 8

2203 3020 2324 3071 1274
2391 3045 2395 3048 »
