2531 3394
226 145 325 194 εω-
641 141 774 188 ιῙΒ.
821 134 926 187 ιχ.
977 107 1393 208 ANATOMES
1441 107 1903 181 wartono„

548 330 551 335 ,
595 245 704 328 *5.
743 265 1233 318 Dcccctxvn.
1303 260 1533 318 Bnowm:
1566 244 1865 319 LAN‘Gmsa,

359 368 582 418 Medicus.
638 369 761 431 Ejus
775 365 844 414 the
856 365 1028 412 modern
1043 362 1189 423 theory
1201 361 1464 424 andprafflc
1482 356 1681 422 ofphyfilz
1716 357 1914 405 London
1931 370 2017 417 173
2025 365 2066 415 8.
2083 357 2161 415 8.*
2186 376 2290 421 quae

233 434 370 482 editio
396 433 591 482 secunda
609 433 685 486 est,
711 448 812 479 cum
829 431 1023 491 priorem
1039 428 1260 488 ignorem.
1307 424 1378 472 Ad
1400 441 1491 470 rem
1509 423 1708 470 nostram
1722 420 1845 475 facit,
1863 423 1985 482 quod
2001 422 2232 497 sanguinis
2245 427 2288 472 ἃς

231 500 378 547 urinae
390 496 589 560 analyses
605 497 793 549 dederit,
817 509 1063 552 eorumque
1076 491 1323 551 humorum
1338 488 1447 535 sales
1466 490 1506 535 &
1519 489 1630 540 olea,
1660 488 1869 546 viresque
1888 484 2151 535 cohaesimus
2162 489 2212 534 in
2226 487 2289 534 sa-

229 579 294 610 no
307 561 493 609 homine
506 563 644 622 inque
660 571 830 621 aegroto
850 558 1192 617 comparaverit.
1245 555 1332 600 Pro
1345 551 1788 612 sefflonejngulmis,
1809 566 1951 596 venae.
1999 552 2223 598 Oleorum
2247 554 2291 599 Sc
2354 554 2356 557 ’

229 625 390 691 salium
417 629 650 688 portiones
676 624 730 670 ad
750 622 930 684 pondus
952 619 1176 673 definivit,
1209 618 1289 679 qui
1307 617 1358 664 in
1381 617 1516 664 variis
1538 615 1708 661 morbis
1737 631 1819 675 pro
1839 615 2021 661 urinam
2051 614 2292 663 decedunt.

359 709 434 771 EJ.
471 706 664 768 Physical
687 708 970 766 experiments
1000 715 1114 764 upon
1138 700 1282 747 brutes
1315 699 1514 747 London
1537 704 1671 756 1746.
1703 695 1783 751 8.*
1847 697 1960 743 Tres
1985 694 2094 743 sunt
2119 707 2290 757 partes,

231 790 425 836 quarum
457 771 649 819 secunda
683 771 725 815 ἃ
757 768 889 815 tertia
914 766 1005 813 huc
1035 764 1156 813 facit.
1227 765 1284 811 In
1304 762 1501 810 secunda
1531 764 1625 823 agit
1656 762 1711 807 de
1737 773 1962 808 venenato
1987 776 2114 821 aquae
2144 761 2294 806 lauro-

232 836 365 887 cerafi
391 840 438 884 in
464 851 625 895 corpus
645 833 838 879 animale
864 827 1026 877 effeetu
1049 848 1060 875 z
1107 827 1374 889 sanguinem
1397 827 1554 874 floride
1575 827 1838 872 coccineum
1859 824 2031 877 reddit,
2065 836 2293 870 tenerum-

231 919 320 962 que
347 900 453 948 facit
480 899 745 958 coagulum,
782 893 1052 956 pulsumque
1069 893 1125 939 ad
1153 904 1254 950 132.
1277 893 1418 939 auxit.
1486 891 1541 936 In
1566 890 1700 936 tertia
1728 901 1851 949 parte
1878 889 1970 935 vim
1997 888 2179 948 vaporis
2206 886 2294 934 sul-

230 965 345 1022 furis
373 976 581 1026 expertus
603 960 688 1014 est,
725 972 876 1007 totum
899 957 1162 1005 innoxium.
1232 959 1345 1004 Aere
1368 956 1418 1001 in
1444 970 1606 1002 venam
1632 953 1788 999 inflato
1809 968 1965 999 canem
1994 952 2175 1011 oqcidit.

363 1045 577 1093 Ediderat
606 1041 808 1090 Londini
833 1051 968 1099 1733‘.
999 1046 1040 1094 8.
1077 1056 1104 1086 a
1125 1055 1216 1086 new
1245 1036 1353 1101 effay
1378 1055 1429 1085 on
1452 1035 1669 1096 musculctr
1695 1038 1875 1087 motion,
1902 1031 2101 1094 founded
2135 1050 2187 1080 on
2219 1049 2293 1080 ex-

224 1116 459 1177 periments
484 1107 572 1154 and
596 1107 941 1154 NEWTONIAN
950 1102 1212 1167 philosophy.
1281 1104 1393 1149 Non
1410 1101 1512 1162 legi,
1540 1098 1615 1146 sed
1638 1100 1798 1159 utique
1820 1097 2036 1158 Ejusdem
2061 1097 2148 1143 viri
2170 1102 2294 1145 Croe-

232 1183 337 1225 nian
369 1174 560 1221 Lehhres
591 1170 789 1218 London
816 1175 946 1228 1748.
971 1169 1045 1222 8.*
1082 1181 1312 1227 tamquam
1348 1164 1712 1226 supplementum
1750 1159 2136 1224 philofhphicnrum
2171 1173 2294 1207 tran-

222 1240 458 1301 sadlionum
490 1233 686 1283 excusas.
755 1234 813 1280 In
840 1234 885 1280 P.
905 1234 940 1279 Ι.
971 1234 1192 1279 elementa
1214 1229 1423 1277 describit
1448 1226 1656 1275 musculi.
1725 1228 1794 1273 De
1816 1227 1992 1287 glutine
2013 1226 2208 1285 partium
2227 1224 2295 1271 so-

233 1296 449 1354 lidarum,
487 1301 617 1361 cujus
648 1315 816 1359 magna
853 1313 952 1357 pars
995 1296 1056 1342 est
1089 1303 1162 1342 ae'r
1201 1293 1340 1346 fixus,
1419 1295 1490 1339 De
1522 1293 1570 1338 vi
1596 1291 1854 1342 ‚contrafflli
1882 1289 2124 1342 fibrarum,
2175 1290 2295 1336 reni.

232 1379 358 1415 tente
388 1367 436 1412 vi
463 1362 642 1425 impulfi
671 1362 877 1409 humoris
896 1397 909 1415 ,
948 1360 1093 1420 deque
1115 1357 1462 1419 perpetuoxinde
1491 1368 1601 1402 nato
1627 1355 1804 1401 renixu.
1873 1354 1919 1400 P.
1942 1354 2000 1400 II.
2033 1355 2102 1399 De
2126 1351 2294 1400 fabrica

234 1429 476 1490 conspicua
496 1426 702 1475 musculi.
771 1426 926 1473 Fibras
953 1441 1050 1471 non
1078 1422 1157 1470 effe
1179 1420 1460 1469 veficulares.
1532 1424 1570 1466 A
1597 1418 1803 1466 vesiculis
1828 1419 2003 1465 nullam
2023 1417 2294 1463 decurtatio-

231 1511 339 1543 nem
368 1493 649 1545 secuturam,
688 1507 798 1552 quas
819 1506 1000 1551 aequum
1029 1487 1132 1535 effet
1153 1486 1337 1547 perinde
1371 1486 1421 1532 in
1442 1483 1782 1545 longitudinem
1812 1481 2020 1542 expandi.
2088 1479 2291 1527 Musculi

232 1558 451 1606 eontra&
479 1558 649 1603 molem
681 1556 843 1601 minui.
914 1554 1022 1600 Vim
1047 1548 1348 1598 musculosam
1375 1548 1456 1595 effe
1479 1549 1535 1595 ab
1556 1547 1752 1594 aethereo
1779 1544 1965 1606 spiritu,
2007 1545 2087 1605 qui
2106 1545 2201 1590 vim
2218 1544 2295 1591 ad-

232 1623 453 1670 traetilem
488 1623 818 1670 elementorum
844 1617 973 1665 fibrae
1004 1628 1198 1678 augeat,
1233 1626 1288 1661 ut
1315 1615 1366 1660 in
1406 1628 1623 1660 acervum
1660 1610 1704 1657 se
1731 1612 1960 1671 colligant.
2043 1609 2099 1655 In
2129 1608 2210 1655 III.
2243 1609 2290 1655 P.

231 1688 381 1748 agitur
404 1685 457 1731 de
485 1684 671 1746 lingulis
701 1681 933 1735 musculis,
959 1684 1002 1728 &
1028 1682 1081 1727 de
1099 1677 1227 1726 causa
1251 1678 1412 1726 alterni
1433 1688 1586 1723 motus
1611 1676 1660 1722 in
1682 1674 1830 1721 corde.
1900 1673 1969 1720 Ad
1994 1689 2096 1719 eum
2115 1684 2295 1718 motum.

231 1750 403 1811 aliquid
441 1747 648 1796 conferre
680 1759 857 1794 motum
889 1747 1014 1792 durae
1040 1744 1211 1792 matris.
1295 1742 1616 1803 Experimenta
1647 1741 1797 1800 aliqua
1821 1739 1875 1785 ad
1900 1749 2080 1785 motum
2110 1728 2256 1784 cordis
2276 1769 2293 1790 ,

235 1815 332 1877 ejus
356 1814 719 1864 ventriculorum
743 1828 866 1859 areas
897 1812 980 1859 &c.

686 1940 734 2000 §.
769 1938 1289 1992 DCCCCLXVIII.
1356 1942 1404 1994 J.
1431 1935 1609 1993 Jacohm
1632 1935 1840 1987 HUBER,

361 2041 539 2090 Primus
566 2057 690 2088 meus
711 2038 888 2086 Bafileae
916 2040 957 2085 &
971 2039 1125 2084 Bernae
1142 2034 1387 2095 discipulus
1402 2068 1415 2088 ,
1450 2033 1556 2080 inde
1575 2029 1793 2079 Profeffor
1816 2027 2129 2089 Gottingenfis
2145 2045 2292 2076 meus-

235 2123 324 2169 que
349 2104 542 2159 incisor,
576 2105 772 2165 denique
806 2100 1026 2151 Profeffor
1063 2103 1104 2148 Sc
1143 2099 1376 2147 Archiater
1402 2096 1692 2144 Caffellanus.
1722 2135 1725 2136 ⁷
1759 2096 1871 2142 Non
1903 2093 2088 2154 quidem
2121 2095 2256 2154 longa
2276 2127 2292 2147 ,

234 2173 356 2219 bonu
382 2182 534 2217 tamen
560 2169 705 2228 aliqua
739 2166 955 2229 opuscula
981 2165 1233 2212 anatomica
1265 2163 1465 2223 reliquit.

236 2317 336 2364 mla
360 2251 490 2363 ἓξὲξ
516 2249 742 2310 Pofitiones
774 2252 1009 2297 anatomico
1039 2246 1239 2294 botanicae
1271 2244 1543 2306 prodierunt
1575 2239 1751 2290 Bafileae
1774 2250 1910 2298 1733.
1933 2235 2014 2297 4*
2077 2240 2149 2286 De
2182 2237 2293 2287 vesi-

362 2398 438 2458 EJ.
472 2393 598 2456 Disp.
625 2394 886 2456 inaugurali&
915 2392 966 2439 de
997 2392 1080 2440 bile
1119 2389 1244 2438 Basil.
1271 2400 1407 2450 1733.
1443 2386 1526 2449 4*
1561 2403 1666 2436 cum
1702 2384 2022 2449 experimentis
2052 2384 2290 2435 nonnullis

237 2462 280 2533 ᾇ
309 2460 602 2508 admistorum
631 2459 864 2519 liquorum
889 2453 1138 2503 effec‘kibus.

364 2544 443 2604 EJ.
479 2546 547 2588 De
569 2539 748 2586 medulla
765 2538 928 2600 spinuli
966 2539 1178 2599 Gotting.
1205 2537 1341 2594 1739.
1366 2532 1449 2594 4*

366 2625 423 2671 Et
437 2625 556 2684 EJUS
571 2622 622 2668 de
640 2620 823 2667 medulla
834 2619 996 2680 spinali
1022 2618 1079 2674 ἓξ
1088 2620 1310 2679 speciatim
1330 2617 1382 2664 de
1408 2617 1548 2663 nervia
1565 2615 1746 2663 medullae
1756 2614 1932 2677 spinalis
1964 2612 2025 2660 ib.
2046 2622 2182 2670 1741.
2204 2607 2288 2669 4*

233 2690 373 2737 Bonae
404 2687 496 2735 diff.
520 2683 799 2748 potissimum
821 2682 1039 2743 posterior
1062 2679 1281 2728 laboriose
1304 2693 1427 2735 nata,
1464 2698 1568 2728 cum
1592 2680 1769 2741 egregia
1789 2680 1936 2725 icone.

363 2771 439 2831 EJ.
473 2773 541 2816 De
562 2765 731 2828 hymene
763 2765 824 2811 ib.
852 2775 986 2823 1742.
1009 2762 1091 2822 4*
1118 2763 1259 2817 bene,
1298 2775 1398 2810 tum
1428 2763 1482 2808 de
1506 2759 1747 2809 valvulofis
1776 2757 1963 2805 finubus
1988 2754 2197 2810 mucosis,
2233 2756 2292 2804 de

239 2834 462 2880 columnis
486 2832 662 2893 vaginze
689 2831 730 2876 &
750 2828 901 2890 rugis,
937 2844 1047 2888 quas
1080 2839 1286 2873 numerat
1313 2838 1527 2886 quatuor.
1594 2827 1678 2871 Hae
1709 2821 1801 2868 diff.
1825 2838 1928 2868 cum
1956 2820 2109 2867 critica
2133 2837 2287 2868 recen-

237 2895 361 2945 fione
389 2911 544 2941 eorum
571 2894 947 2956 conjunguntur,
983 2907 1082 2952 quae
1106 2891 1231 2951 prius
1254 2890 1307 2935 de
1334 2888 1405 2935 his
1437 2889 1572 2936 rebus
1607 2889 1723 2934 dic‘ia
1753 2884 1948 2932 fuerant.

339 3040 342 3044 ι
363 2975 442 3039 EJ.
480 2979 547 3026 De
573 2980 695 3030 miris
715 2976 778 3025 νὴ
800 2982 1017 3031 materna,
1047 2988 1096 3025 ac
1113 2971 1313 3036 imprimis
1328 2970 1640 3034 imaginationis
1664 2973 1710 3019 in
1727 2966 1924 3016 mulieres
1939 2965 2150 3032 gravidas
2167 2966 2286 3014 inde-

430 3061 432 3063 ·
547 3067 551 3071 <
1252 3060 1260 3064 -
2205 3047 2284 3092 que
