2531 3394
287 141 384 196 498
618 172 623 177 ,
695 131 830 179 LIB.
883 132 975 178 IX.
1043 122 1457 176 ANATOMES
1508 123 1942 174 PERFECTIO.

425 264 490 313 La
507 263 709 312 ΜΟΤΤΕ
737 260 1043 323 experimenta
1069 257 1123 303 de
1148 255 1335 318 simplici
1361 252 1462 302 visu
1491 257 1532 301 &
1555 253 1740 315 duplici.

424 345 480 392 In
510 348 916 394 Commentariorum
938 339 1076 388 Acad.
1098 341 1198 399 Reg.
1233 341 1388 386 Scient.
1423 341 1541 386 Gott.
1570 337 1625 384 T.
1647 336 1728 382 IV.
1760 334 1915 382 Tobifu
1927 337 2130 388 Marna,
2158 333 2348 383 celebris

297 409 407 460 olim
433 409 732 456 Astronomus
761 408 813 453 de
836 409 928 452 'acie
958 404 1050 465 egit
1076 403 1198 448 oculi
1221 421 1235 455 ;
1271 402 1327 449 de
1354 403 1522 462 angulo
1541 436 1553 455 ‚
1585 417 1678 460 quo
1703 399 1857 448 minor
1883 415 1978 445 non
2003 397 2169 446 sufficit
2190 399 2249 445 -ad
2282 400 2350 445 vi-

295 472 513 584 }endtglm,
546 472 690 533 deque
717 473 813 532 ejus
844 469 1000 531 anguli
1022 464 1256 519 mensura,
1292 483 1393 527 quae
1410 465 1548 511 estad
1576 476 1648 523 34.
1674 461 1867 509 secunda
1896 463 2011 515 min.
2034 462 2119 510 ubi
2151 464 2264 510 lucis
2287 462 2349 510 est

320 548 404 584 atis
477 554 514 584 c.

427 619 483 665 In
509 617 669 664 Hamb.
690 621 870 677 Magaz.
893 614 948 660 T.
963 613 1096 659 XIII.
1129 612 1191 658 O.
1218 610 1273 657 K.
1300 611 1342 657 S.
1364 611 1431 656 M.
1480 608 1533 655 de
1574 606 1807 669 particulis
1844 608 1892 653 in
1923 604 2142 668 sanguine
2179 606 2350 658 ferreis,

297 683 556 730 Caeruleum
588 677 876 728 Berolinense
901 676 1067 723 habere
1097 675 1295 721 colorem
1329 671 1464 720 suum
1483 690 1508 719 a
1527 671 1646 719 ferro
1673 673 1722 719 in
1747 670 1967 732 sanguine
1992 673 2177 720 latente.

423 764 481 811 T.
495 761 628 809 XIV.
653 761 706 807 de
737 758 955 820 vegrandi
984 754 1069 803 offe
1096 755 1281 802 femoris
1307 754 1425 800 circa
1448 751 1627 800 Schierz
1658 765 1849 814 reperto.

426 845 484 890 In
497 858 683 890 oeconom.
700 838 1041 900 Ahhandlungen
1066 837 1122 884 T.
1139 837 1222 882 VI.
1251 835 1373 881 bona
1396 833 1596 887 historia,
1623 835 1758 881 etiam
1771 833 2038 888 anatomica,
2067 832 2215 882 astaci.
2262 835 2354 883 Ne-

299 918 374 970 gat
394 907 620 954 fiuvialem
640 905 835 951 astacum
856 916 978 949 certo
1004 903 1103 947 loco
1124 912 1272 946 artum
1304 899 1526 945 decutere.

428 989 483 1034 Iu
508 988 563 1034 T.
587 986 692 1034 VII.
725 984 779 1031 de
804 984 902 1031 ovis
927 982 1075 1043 longis
1099 980 1342 1042 gracilibus
1378 997 1433 1026 ex
1460 979 1620 1026 morbo
1655 979 1791 1025 natis.

432 1069 490 1115 In
516 1071 649 1115 Me'm.
685 1067 738 1113 de
769 1064 938 1113 l’Acizd.
974 1064 1045 1110 des
1070 1062 1187 1109 belles
1212 1062 1358 1109 lettres
1393 1061 1445 1108 de
1474 1066 1585 1109 Caen
1640 1061 1767 1106 Caen
1795 1071 1926 1119 1754.
1959 1060 2034 1114 8.*
2099 1061 2141 1122 J.
2162 1058 2357 1109 ANDRE'

298 1134 397 1195 agit
425 1132 478 1178 de
503 1131 704 1193 corporis
733 1129 924 1177 humani
945 1128 1186 1174 miraculis.

431 1215 708 1261 CHIBOURG
740 1213 794 1258 de
818 1206 1150 1261 mechanismo,
1181 1223 1273 1267 quo
1304 1202 1490 1253 affectus
1513 1204 1654 1251 animi
1671 1202 1795 1251 suam
1820 1202 2064 1251 efficaciam
2082 1202 2310 1252 exserunt.

431 1295 488 1342 In
503 1312 690 1342 oec-onom.
706 1298 758 1342 N
759 1290 998 1340 achrichten
1009 1291 1066 1342 T,
1086 1290 1142 1335 V.
1165 1290 1314 1350 agitur
1329 1288 1381 1334 de
1393 1287 1688 1334 incubatione
1708 1305 1719 1332 :
1757 1289 1888 1333 etiam
1903 1303 1974 1332 eas
1992 1302 2095 1332 aves
2111 1286 2325 1332 incubare
2343 1321 2357 1339 ‚

302 1375 406 1419 quae
439 1375 464 1405 a
503 1359 722 1405 matribus
769 1372 866 1403 non
900 1354 991 1403 suis
1035 1351 1224 1401 exclusae
1252 1352 1352 1399 sint.
1431 1352 1496 1399 Ut
1530 1349 1668 1411 pisces
1703 1349 1933 1411 conpresso
1967 1357 2066 1396 a'e're
2101 1348 2181 1396 sub
2220 1351 2360 1412 glacie

304 1423 472 1485 stupidi
502 1423 763 1470 reddantur.

433 1505 490 1552 T.
509 1505 592 1551 VI.
631 1504 684 1550 de
709 1501 898 1564 piscium
916 1500 1077 1549 somno
1107 1465 1140 1548 s.
1165 1499 1345 1560 stupore
1371 1496 1571 1543 hiemali.

433 1586 537 1632 Hoc
564 1601 686 1631 anno
714 1584 884 1645 prodiit
910 1581 1049 1646 Effizys
1070 1581 1158 1629 and
1182 1580 1469 1640 observations
1485 1577 1677 1641 phyfical
1706 1576 1797 1625 and
1831 1578 2033 1637 litterary
2052 1575 2278 1639 published
2309 1577 2366 1638 by

265 1656 268 1659 ’
307 1668 335 1697 a
369 1651 535 1710 society
564 1661 611 1696 at
633 1646 879 1710 Edinburgh
911 1649 998 1697 Vol.
1018 1649 1054 1694 Ι.
1092 1643 1363 1704 Edinburgh
1391 1656 1523 1702 1754.
1557 1646 1631 1697 8.*
1698 1643 1832 1689 Plura
1866 1640 1941 1687 hie
1964 1640 2170 1701 physica,
2207 1655 2364 1689 anato-

307 1715 423 1760 mica
445 1714 669 1774 pauciora.
737 1711 991 1759 Alexander
1005 1712 1245 1758 MONROO
1274 1711 1316 1755 &
1339 1707 1495 1754 David
1520 1708 1680 1754 HUMF.
1710 1708 1751 1752 ei
1765 1704 1969 1752 societati
1988 1722 2014 1751 a
2035 1703 2229 1758 secretis,
2268 1704 2364 1752 fue-

306 1789 433 1824 runt.
491 1777 662 1824 Gallice
686 1774 894 1823 recusum
929 1775 991 1822 est
1015 1773 1104 1821 hoc
1133 1773 1325 1819 diarium
1349 1771 1461 1830 suite
1483 1770 1555 1817 des
1581 1768 1706 1831 Effais
1735 1768 2039 1830 d'Edimbourg
2080 1770 2201 1815 Paris
2227 1777 2362 1828 1764.

311 1843 353 1887 ἂ
369 1841 638 1888 Germanice
667 1839 849 1899 Zusiitze
875 1857 932 1890 zu
955 1838 1036 1886 den
1061 1834 1414 1898 Edinburgzschen
1440 1833 1670 1893 Versuchen
1699 1832 1792 1890 &a
1828 1834 2080 1894 Altenburg
2100 1845 2229 1891 1755.
2257 1840 2300 1887 8.

438 1922 495 1968 In
519 1922 712 1977 Journal
735 1921 786 1967 de
807 1921 1030 1969 Medecine
1053 1921 1109 1967 T.
1124 1920 1161 1965 Ι.
1193 1922 1399 1965 Henricus
1422 1918 1606 1969 MISSA,
1637 1931 1772 1976 quem
1789 1915 2027 1975 Gottingae
2054 1914 2270 1968 vidimus,
2304 1917 2364 1962 la-

310 1983 439 2033 bium
464 1986 721 2046 leporinum
749 1984 987 2039 describit,
1005 2035 1007 2037 ,
1022 1985 1072 2032 in
1096 2000 1186 2044 quo
1208 1980 1414 2043 superior
1439 1981 1622 2027 maxilla
1651 1978 1888 2027 deficiebat
1906 2013 1919 2032 ‚
1959 1980 2000 2025 ἃ
2023 1978 2179 2025 dentes
2203 1979 2254 2025 in
2275 1995 2366 2026 car-

312 2048 548 2110 tilaginem
570 2062 698 2096 erant
719 2050 992 2111 implantati.

446 2131 508 2178 D.
529 2131 767 2178 BURETTE
801 2131 856 2177 de
887 2129 1108 2192 lethargo,

443 2209 648 2260 Officula
678 2213 727 2258 in
755 2212 867 2259 dura
891 2212 1117 2272 meninge.

446 2295 504 2342 In
528 2291 816 2352 Hanoversch.
835 2294 921 2355 gel.
945 2296 1125 2356 Anzeig.
1161 2304 1296 2351 1754.
1333 2292 1388 2338 de
1409 2290 1582 2337 morbis
1604 2288 1889 2351 gallinarum.

446 2376 504 2423 In
530 2373 760 2422 Stolzholm.
789 2379 969 2436 Mugaz.
1005 2372 1429 2432 Stockholn11754.
1463 2372 1542 2426 8.*
1578 2373 1761 2418 auctore
1790 2368 1941 2417 carolo
1963 2369 2188 2417 Emanuele
2205 2370 2368 2418 KLan«

317 2439 600 2489 tecuduntur
624 2436 785 2498 scripta
805 2440 983 2485 minora
1009 2441 1273 2486 Suecorum.

450 2521 540 2568 Hic
566 2520 667 2566 ILL.
701 2519 876 2566 Carolus
902 2519 952 2565 de
977 2520 1122 2566 GEER
1154 2518 1208 2564 de
1235 2519 1527 2579 generatione
1552 2514 1841 2564 insectorum.

447 2601 506 2648 In
532 2599 709 2649 London
733 2604 970 2661 Magazine
999 2612 1133 2658 1754.
1164 2617 1204 2659 p.
1226 2606 1329 2656 187.
1400 2598 1572 2646 Surdus
1598 2610 1735 2646 natus
1753 2632 1766 2653 ‚
1802 2614 1899 2644 non
1917 2609 2069 2645 tamen
2096 2593 2371 2643 conscientia

317 2664 584 2721 destitutus,
617 2679 763 2724 neque
792 2664 899 2710 DEI
926 2664 1088 2709 timore
1113 2665 1155 2709 ὃς
1179 2663 1459 2723 cognitione.

572 2798 612 2849 §.
646 2794 878 2842 MCXL.
947 2790 1123 2839 Donald
1145 2793 1187 2838 Sc
1213 2791 1464 2840 Alexander
1492 2792 1718 2845 Momm,
1755 2787 2002 2836 Alexandri
2023 2784 2122 2834 filii.

450 2891 579 2939 Prior
592 2890 805 2945 fratrum,
823 2888 1102 2951 aliquamdiu
1116 2887 1265 2934 noster
1289 2889 1484 2941 auditor,
1512 2889 1562 2934 in
1575 2884 1655 2948 Effi
1673 2885 1780 2932 read
1797 2884 1941 2947 before
1959 2901 1986 2931 a
1999 2883 2144 2944 fhciet.
2164 2883 2260 2942 &a
2285 2887 2383 2949 egit‘
2441 2885 2447 2888 ”

323 2954 383 3007 de
407 2969 538 3004 utero
552 2956 756 3020 gravido,
788 2955 846 3003 ad
871 2956 959 3004 tria
994 2953 1210 3003 cadavera
1234 2951 1485 3000 muliebria.
1546 2947 1799 3013 'Inquifivit
1827 2965 1943 2997 num
1974 2949 2170 2997 liberum
2192 2951 2377 3062 aliqffd

2251 3031 2281 3063 v
2330 3031 2378 3062 o-
