2531 3394
820 112 870 179 §ss
907 124 1016 174 999.
1059 113 1131 195 Ἑ.
1168 126 1234 165 m:
1272 107 1678 165 SAUVAGEs.
1743 115 1772 169 t
2181 128 2273 182 301

222 245 314 302 est,
347 248 393 296 δέ
417 246 690 308 pulmonalis
725 249 900 295 arteria.
969 248 1007 295 A
1033 245 1274 293 contradis
1298 241 1413 290 vafis
1445 245 1641 292 calorem
1679 260 1777 294 non
1814 250 1966 305 augeri
2003 252 2200 316 (utique
2236 252 2270 303 si

217 311 423 360 frictioni
445 312 649 367 debetur,
679 314 721 359 ὃς
751 311 962 373 pulsuum
988 311 1107 375 idem
1132 307 1193 354 est
1216 307 1502 364 numerus).
1571 307 1827 359 Maximam
1850 312 1906 358 ad
1932 318 2270 373 accelerandum

219 376 400 439 pulsum
425 377 475 423 in
502 375 636 423 corde
658 378 881 423 aetionem
907 373 1093 434 requiri.
1358 440 1361 441 ⁷

214 522 295 573 tes
348 459 436 569 {Li
461 457 778 569 tfiggpfhrum
811 456 1073 519 capillariam
1089 453 1279 513 suffione
1311 465 1445 514 1747.
1477 454 1564 545 4.’·’<’ι
1624 455 1734 503 Eam
1761 453 1872 518 disp.
1899 456 2103 520 Josephus
2128 464 2266 511 BRUN
2334 540 2337 543 A

286 541 328 585 p.
373 540 386 569 1
624 557 635 569 .

346 606 421 665 EJ.
460 606 504 651 Sc
532 603 605 650 des
631 605 758 650 HAJS
783 601 835 648 de
860 599 1103 663 hemiplegia
1115 614 1197 663 per
1223 601 1540 648 elearicitatem
1561 601 1761 649 curanda
1790 596 2012 665 Monspel.
2033 618 2165 666 1749.
2187 606 2268 665 4*

215 667 363 716 Causa
388 681 540 715 motus
562 669 610 714 in
627 668 818 713 animale
844 666 904 712 est
923 668 1098 719 anima,
1135 667 1334 726 primum
1364 666 1719 713 instrumentum
1747 665 1906 715 succus
1934 685 2126 716 nerveus
2156 672 2269 716 elec-

211 734 385 780 tricus:
420 748 523 779 cum
539 748 594 777 ex
607 729 786 777 diffeeto
812 746 954 778 nervo
977 747 1122 777 conus
1140 730 1316 776 lucidus
1342 742 1562 790 erumpat.
1617 730 1780 778 Sensus
1811 732 1872 778 est
1894 732 2093 780 refluxus
2112 735 2268 781 nervei

214 796 410 857 spiritus.
479 797 639 842 Motus
679 797 941 841 acceleratio
986 811 1062 855 per
1104 797 1385 841 voluntatem
1425 807 1545 840 nata.
1614 795 1667 841 In
1695 796 1868 856 agendo
1907 795 2042 844 fibras
2076 814 2265 845 nerveas

213 861 466 908 ele&ricam
491 858 585 905 vim
615 871 821 919 expertas
848 875 872 904 a
893 857 935 905 se
962 859 1159 905 invicem
1181 858 1402 905 recedere.
1469 856 1735 906 Musculum
1767 861 1961 908 excitata
1983 863 2268 910 electricitate

211 924 445 977 contrahi,
484 924 526 970 &
556 920 632 969 sua
658 924 833 969 actione
865 921 1068 983 defungi.

340 1006 419 1067 EJ‚
455 1002 563 1051 Diff.
579 1003 661 1063 sur
687 1005 731 1050 la
758 1016 914 1051 nature
942 1002 1001 1060 ἓξ
1024 1004 1066 1050 la
1089 1004 1210 1063 cause
1233 1003 1284 1050 de
1300 1003 1343 1050 la
1361 1017 1465 1066 rage
1498 1003 1731 1052 Toulouse
1760 1016 1896 1065 1749.
1923 1007 2006 1066 4*
2029 1020 2162 1067 1759.
2183 1007 2265 1068 4*

209 1071 385 1118 &inter
404 1068 513 1131 chef}
527 1069 761 1115 d’oeuvres.
832 1070 1076 1115 Venenum
1099 1069 1220 1115 canis
1242 1068 1388 1114 rabidi
1410 1069 1624 1116 humores
1653 1070 1829 1118 nostros
1849 1070 2023 1132 spiffare
2042 1093 2054 1126 3
2092 1075 2265 1122 electri-

208 1151 312 1181 cum
337 1131 418 1180 effe
443 1146 498 1180 ut
520 1130 704 1192 spiritus
735 1132 915 1185 nervei,
956 1132 1124 1180 horum
1154 1144 1332 1180 motum
1358 1150 1547 1196 augere,
1592 1133 1771 1182 sensum
1795 1135 1906 1182 adeo
1938 1137 2128 1185 incitare
2145 1172 2158 1193 ‚
2209 1151 2265 1186 ut

204 1197 298 1246 sere
320 1196 623 1245 intolerabilis
647 1198 744 1258 ejus
763 1195 815 1243 fit
842 1195 1054 1244 efficacia.

330 1281 404 1341 EJ.
447 1278 693 1339 Conspefflus
715 1277 1014 1342 phyfiologicus
1047 1278 1293 1341 Monspelii
1315 1291 1450 1339 1751.
1472 1293 1516 1339 4.
1546 1282 1599 1327 R.
1616 1279 1833 1330 Ludovico
1859 1286 2087 1335 Honorato
2107 1286 2263 1334 SOUL-

203 1358 337 1393 LIER.
374 1343 590 1403 francisci
614 1342 676 1388 est
695 1343 939 1398 Lamum,
977 1343 1054 1392 etfi
1075 1345 1238 1392 titulus
1259 1345 1463 1392 nostrum
1487 1345 1708 1393 nominat.
1845 1370 1848 1371 ⁷

327 1426 502 1487 EJUSD.
540 1424 690 1484 Pulsus
715 1423 774 1481 ἓξ
798 1427 1091 1474 circulationis
1116 1425 1281 1475 theoria
1310 1426 1535 1488 Monspel.
1559 1439 1693 1486 1752.
1713 1428 1791 1487 4.*
1825 1427 2042 1478 Admittit
2062 1428 2196 1481 fibras
2210 1433 2261 1482 in

201 1490 375 1538 arteriis
401 1493 564 1543 rectas,
605 1506 707 1550 quae
732 1489 945 1537 resectam
961 1492 1170 1539 arteriam
1195 1491 1444 1539 retrahant.
1518 1493 1740 1540 Arteriam
1763 1507 1936 1541 aortam
1961 1498 2162 1544 anterius
2181 1493 2264 1545 du-

199 1558 367 1604 riorem
394 1553 490 1601 effe.
559 1555 721 1602 Motus
746 1571 969 1602 venarum
998 1573 1023 1602 a
1048 1555 1357 1617 respiratione.
1426 1554 1543 1603 Vasa
1577 1558 1755 1603 minora
1783 1559 1949 1618 pariter
1977 1562 2018 1607 &
2050 1563 2261 1609 tenuiora

200 1617 302 1666 fieri
332 1621 373 1665 δι
403 1617 677 1679 angustiora.
745 1618 1013 1667 Musculum
1035 1622 1197 1681 utique
1226 1622 1398 1682 majore
1423 1621 1635 1681 portione
1665 1622 1906 1677 contrahi,
1940 1641 2075 1685 quam
2097 1643 2152 1672 ex
2171 1629 2260 1674 cal-

199 1684 314 1730 culis
332 1681 485 1744 positis
499 1681 726 1743 sequatur.
796 1685 1029 1732 Summam
1046 1686 1275 1732 luminum
1301 1685 1509 1732 omnium
1534 1687 1799 1733 arteriarum
1823 1699 2003 1734 tantum
2027 1692 2258 1750 oetuplam

196 1746 283 1794 effe
316 1747 503 1794 luminis
538 1745 760 1793 nascentis
788 1750 962 1795 arteriae
988 1762 1141 1796 aortae.
1211 1749 1449 1797 Auriculas
1473 1748 1608 1797 factas
1641 1749 1723 1796 effe
1748 1751 1803 1796 ad
1828 1752 2124 1801 minuendam
2155 1753 2260 1802 resi-

199 1811 410 1859 stentiam
440 1810 652 1858 redeunti
674 1810 886 1874 sanguini
915 1830 941 1859 a
968 1814 1102 1860 corde
1133 1812 1400 1875 oppofitam.
1469 1815 1563 1860 Cor
1594 1815 1719 1875 prius
1749 1815 1954 1870 dilatari,
1998 1835 2131 1878 quam
2161 1817 2260 1866 san-

200 1876 339 1937 guine
369 1875 661 1923 distendatur.
728 1877 783 1923 In
809 1875 1043 1936 systemate
1079 1890 1296 1926 truncum
1331 1876 1617 1925 vasculosurn
1647 1881 1748 1939 plus
1782 1879 1886 1926 dare
1921 1896 2073 1942 aquae,
2120 1899 2259 1943 quam

197 1956 430 1987 ramorum
448 1938 666 1987 summam
683 1974 697 1994 ,
740 1943 782 1987 &
805 1944 957 1989 minus
974 1943 1234 2002 aliquanto,
1266 1941 1300 1989 fi
1327 1959 1428 2003 pars
1454 1959 1687 1990 ramorum
1717 1943 1967 1993 claudatur.
2031 1947 2144 1995 Non
2158 1949 2261 2009 pui-

197 2002 293 2051 sare
324 2021 485 2058 venas,
524 2005 630 2064 quia
659 2006 865 2053 celeritas
891 2004 1125 2068 sanguinis
1148 2024 1274 2054 nunc
1299 2007 1430 2054 defiit
1457 2009 1621 2054 minui.

325 2087 401 2148 EJ.
448 2085 557 2133 Diff.
583 2086 664 2146 fitr
692 2087 750 2134 les
779 2087 1060 2135 medicamens
1091 2093 1167 2150 qui
1191 2089 1384 2149 affeflent
1417 2095 1626 2138 certaines
1641 2096 1812 2156 parties
1844 2092 1904 2140 du
1932 2107 2053 2157 corps
2081 2091 2255 2143 humain

187 2150 352 2215 plustbt
374 2168 453 2212 que
479 2150 670 2198 d'autres
696 2150 847 2211 &sur
873 2153 933 2199 les
952 2153 1088 2212 causes
1106 2154 1159 2199 de
1177 2166 1241 2200 cet
1257 2154 1353 2214 effet
1391 2155 1661 2202 Bourdeaux
1679 2168 1815 2215 1752.
1837 2156 1921 2217 4*
1944 2176 1968 2206 a
1986 2161 2254 2208 MANETTO

198 2216 335 2262 etiam
366 2217 516 2262 italice
539 2213 653 2263 vers.
689 2217 730 2262 ἃ
764 2216 813 2262 in
845 2214 956 2278 cheft
990 2217 1210 2264 d’aeuvres.
1278 2214 1476 2266 Effectus
1505 2220 1944 2270 medicamentorum
1975 2223 2169 2284 pendere
2198 2224 2255 2271 ab

198 2280 363 2333 anima,
385 2290 438 2326 ut
460 2277 592 2326 suum
613 2279 791 2326 bonum
816 2293 1064 2341 quaerente.
1132 2280 1399 2330 Mechanice
1425 2300 1554 2344 agere
1582 2301 1660 2345 per
1689 2284 1989 2334 adhaefionem
2005 2322 2018 2342 ,
2060 2305 2161 2349 quae
2193 2287 2256 2335 est

197 2344 248 2391 in
281 2344 457 2390 ratione
492 2346 769 2404 punctorum
804 2348 1054 2392 contactus.
1123 2346 1328 2393 Maxime
1363 2363 1493 2409 agere
1524 2349 1854 2398 medicamenta
1890 2352 1940 2398 in
1971 2369 2022 2399 ea
2053 2351 2251 2406 viscera,

196 2424 396 2469 quorum
427 2407 606 2467 pondus
630 2409 947 2455 medicamenti
966 2408 1157 2470 ponderi
1179 2412 1439 2470 proximum
1462 2411 1537 2459 est.
1606 2414 1765 2461 Latine
1798 2416 1966 2476 prodiit
1989 2415 2161 2477 Lipsiae,
2199 2416 2252 2461 de

194 2471 505 2519 medicamentis
519 2505 531 2524 ‚
567 2488 656 2531 quae
676 2484 812 2518 certas
827 2485 977 2534 partes
996 2476 1182 2536 corporale
1202 2473 1379 2521 humani
1399 2489 1490 2538 prae
1517 2477 1609 2523 aliis
1632 2479 1844 2542 adficiunt
1877 2479 1991 2542 Lips.
2012 2493 2094 2539 175
2107 2493 2144 2538 5.
2167 2478 2251 2537 4.*

324 2553 402 2615 EJ.
440 2554 482 2600 ἃ
510 2551 685 2615 Rudolfi
701 2557 898 2608 Jeremiae
922 2555 1104 2602 RAISIN
1134 2555 1416 2618 emlnyologia
1462 2556 1691 2621 Monspel.
1719 2573 1854 2620 1753.
1877 2561 1960 2621 4*
2003 2564 2151 2609 Multa
2177 2574 2250 2621 pe-

195 2617 396 2666 culiaria.
464 2615 670 2663 Pondera
700 2615 923 2664 viscerum
949 2617 1070 2666 fetus
1101 2633 1358 2681 comparata
1393 2637 1499 2668 cum
1534 2624 1815 2683 ponderibus
1852 2625 2072 2672 viscerum
2102 2625 2249 2673 adulti

195 2680 427 2728 hominis:
465 2681 619 2727 onmia
644 2697 753 2728 vero
777 2683 826 2728 in
851 2680 948 2728 fetu
975 2699 1058 2742 pro
1084 2685 1294 2744 portione
1319 2686 1490 2746 majora
1515 2686 1621 2735 sunt
1636 2708 1649 2741 3
1687 2703 1822 2750 caput
1848 2691 2052 2749 duplum,
2082 2690 2250 2737 corin-

195 2740 378 2806 signiter
405 2746 563 2806 majus.
634 2746 796 2792 Parum
822 2745 1057 2808 sanguinis
1079 2764 1156 2808 per
1170 2750 1433 2809 pulmonem
1458 2751 1507 2797 in
1535 2750 1632 2800 fetu
1652 2753 1789 2800 fluere
1812 2772 1822 2799 ε
1858 2769 1985 2799 renes
2010 2750 2249 2801 succentu-

196 2809 336 2856 riatos
351 2826 481 2856 veros
504 2826 632 2856 renes
659 2808 767 2865 effe,
798 2812 841 2856 Sc
857 2827 1017 2857 verum
1042 2809 1270 2859 secernere
1288 2814 1450 2860 lotium
1468 2849 1480 2868 ‚
1515 2816 1563 2862 id
1581 2831 1733 2865 autem
1754 2833 1878 2863 venae
1903 2832 2022 2862 cavae
2045 2817 2244 2867 reddere.

326 2900 400 2958 EJ.
442 2899 622 2948 Theoria
650 2912 865 2947 tumorum
902 2913 1036 2958 1753.
1059 2900 1141 2959 42(ν
1189 2902 1260 2948 De
1289 2901 1529 2957 facilitate,
1561 2923 1649 2965 qua
1672 2903 1782 2950 fibra
1805 2901 1846 2948 se
1865 2901 2117 2951 extenfioni
2135 2921 2249 2965 prae-

200 2959 307 3015 bet5
346 2978 399 3010 eo
426 2964 567 3027 magis
598 2975 750 3013 autem
787 2963 981 3014 resistere
1014 2964 1388 3080 extenfionipquo
1420 2970 1560 3030 magis
1588 2970 1648 3016 est
1671 2965 1879 3021 extensa,
1928 2970 1970 3016 ἃ
1995 2968 2156 3016 debere
2194 2979 2247 3016 ut

1332 3047 1360 3091 p
1398 3042 1422 3086 3
2108 3048 2246 3095 porro
