<?xml version="1.0" encoding="UTF-8"?>
<!DOCTYPE html PUBLIC "-//W3C//DTD XHTML 1.0 Transitional//EN"
    "http://www.w3.org/TR/xhtml1/DTD/xhtml1-transitional.dtd">
<html xmlns="http://www.w3.org/1999/xhtml" xml:lang="en" lang="en">
 <head>
  <title>
</title>
<meta http-equiv="Content-Type" content="text/html;charset=utf-8" />
  <meta name='ocr-system' content='tesseract 3.04.00' />
  <meta name='ocr-capabilities' content='ocr_page ocr_carea ocr_par ocr_line ocrx_word'/>
</head>
<body>
  <div class='ocr_page' id='page_1' title='image "bibliothecaanato02hall_0411.png"; bbox 0 0 2531 3394; ppageno 0'>
   <div class='ocr_carea' id='block_1_1' title="bbox 599 56 2286 172">
    <p class='ocr_par' dir='ltr' id='par_1_1' title="bbox 599 56 2286 172">
     <span class='ocr_line' id='line_1_1' title="bbox 599 56 2286 172; baseline 0.002 -33"><span class='ocrx_word' id='word_1_1' title='bbox 599 56 648 151; x_wconf 76' lang='grc' dir='ltr'>ς’.</span> <span class='ocrx_word' id='word_1_2' title='bbox 688 102 824 152; x_wconf 86' lang='lat'><em>1071.</em></span> <span class='ocrx_word' id='word_1_3' title='bbox 867 101 1004 153; x_wconf 62' lang='lat'><em>10722</em></span> <span class='ocrx_word' id='word_1_4' title='bbox 1069 89 1113 155; x_wconf 89' lang='lat' dir='ltr'>J.</span> <span class='ocrx_word' id='word_1_5' title='bbox 1147 58 1517 138; x_wconf 35' lang='lat' dir='ltr'>Asturiam.</span> <span class='ocrx_word' id='word_1_6' title='bbox 1583 88 1627 152; x_wconf 90' lang='lat' dir='ltr'>J.</span> <span class='ocrx_word' id='word_1_7' title='bbox 1663 89 1930 141; x_wconf 70' lang='lat' dir='ltr'>Mos-GA.</span> <span class='ocrx_word' id='word_1_8' title='bbox 2093 170 2096 172; x_wconf 3' lang='grc' dir='ltr'>ξ</span> <span class='ocrx_word' id='word_1_9' title='bbox 2150 106 2286 157; x_wconf 56' lang='grc'>,401</span> 
     </span>
    </p>
   </div>
   <div class='ocr_carea' id='block_1_2' title="bbox 219 217 2286 350">
    <p class='ocr_par' dir='ltr' id='par_1_2' title="bbox 219 217 2286 350">
     <span class='ocr_line' id='line_1_2' title="bbox 219 217 2286 284; baseline 0 -12"><span class='ocrx_word' id='word_1_10' title='bbox 219 225 439 274; x_wconf 70' lang='lat' dir='ltr'>Animam</span> <span class='ocrx_word' id='word_1_11' title='bbox 464 229 561 270; x_wconf 82' lang='lat' dir='ltr'>n&#39;on</span> <span class='ocrx_word' id='word_1_12' title='bbox 582 223 755 284; x_wconf 88' lang='lat' dir='ltr'>ubique</span> <span class='ocrx_word' id='word_1_13' title='bbox 778 224 826 270; x_wconf 89' lang='lat' dir='ltr'>in</span> <span class='ocrx_word' id='word_1_14' title='bbox 853 227 1042 283; x_wconf 82' lang='lat' dir='ltr'>corpore</span> <span class='ocrx_word' id='word_1_15' title='bbox 1059 219 1318 283; x_wconf 60' lang='lat' dir='ltr'>praestnten‘i</span> <span class='ocrx_word' id='word_1_16' title='bbox 1343 217 1438 266; x_wconf 76' lang='lat' dir='ltr'>effe.</span> <span class='ocrx_word' id='word_1_17' title='bbox 1509 221 1736 268; x_wconf 77' lang='lat' dir='ltr'><strong>Animalia</strong></span> <span class='ocrx_word' id='word_1_18' title='bbox 1761 221 1858 268; x_wconf 85' lang='lat' dir='ltr'>dari</span> <span class='ocrx_word' id='word_1_19' title='bbox 1880 224 2031 269; x_wconf 87' lang='lat' dir='ltr'>anima</span> <span class='ocrx_word' id='word_1_20' title='bbox 2056 223 2286 273; x_wconf 84' lang='lat' dir='ltr'>destituta.</span> 
     </span>
     <span class='ocr_line' id='line_1_3' title="bbox 227 283 2048 350; baseline -0.002 -14"><span class='ocrx_word' id='word_1_21' title='bbox 227 291 405 350; x_wconf 85' lang='lat' dir='ltr'>Corpus</span> <span class='ocrx_word' id='word_1_22' title='bbox 430 289 639 343; x_wconf 69' lang='lat' dir='ltr'>animalis</span> <span class='ocrx_word' id='word_1_23' title='bbox 665 287 746 335; x_wconf 80' lang='lat' dir='ltr'>effe</span> <span class='ocrx_word' id='word_1_24' title='bbox 769 286 1061 350; x_wconf 85' lang='lat' dir='ltr'>horologium</span> <span class='ocrx_word' id='word_1_25' title='bbox 1091 285 1314 337; x_wconf 80' lang='lat' dir='ltr'>sentiens,</span> <span class='ocrx_word' id='word_1_26' title='bbox 1337 285 1476 345; x_wconf 71' lang='lat' dir='ltr'>&#39;cujus</span> <span class='ocrx_word' id='word_1_27' title='bbox 1503 285 1573 331; x_wconf 87' lang='lat' dir='ltr'>vis</span> <span class='ocrx_word' id='word_1_28' title='bbox 1599 285 1773 330; x_wconf 70' lang='lat' dir='ltr'>motrix&#39;</span> <span class='ocrx_word' id='word_1_29' title='bbox 1792 283 1945 332; x_wconf 82' lang='lat' dir='ltr'>sensus</span> <span class='ocrx_word' id='word_1_30' title='bbox 1973 287 2048 333; x_wconf 87' lang='lat' dir='ltr'>est.</span> 
     </span>
    </p>
   </div>
   <div class='ocr_carea' id='block_1_3' title="bbox 214 366 2285 1007">
    <p class='ocr_par' dir='ltr' id='par_1_3' title="bbox 214 366 2285 1007">
     <span class='ocr_line' id='line_1_4' title="bbox 352 366 2285 430; baseline -0.001 -13"><span class='ocrx_word' id='word_1_31' title='bbox 352 372 410 417; x_wconf 89' lang='lat' dir='ltr'>In</span> <span class='ocrx_word' id='word_1_32' title='bbox 439 370 581 417; x_wconf 84' lang='lat' dir='ltr'>diario</span> <span class='ocrx_word' id='word_1_33' title='bbox 609 371 686 418; x_wconf 82' lang='lat' dir='ltr'>der</span> <span class='ocrx_word' id='word_1_34' title='bbox 711 373 867 424; x_wconf 72' lang='lat' dir='ltr'>Arzt,</span> <span class='ocrx_word' id='word_1_35' title='bbox 894 370 1027 430; x_wconf 78' lang='lat' dir='ltr'>cujus</span> <span class='ocrx_word' id='word_1_36' title='bbox 1046 368 1190 428; x_wconf 85' lang='lat' dir='ltr'>prima</span> <span class='ocrx_word' id='word_1_37' title='bbox 1211 366 1352 413; x_wconf 85' lang='lat' dir='ltr'>editio</span> <span class='ocrx_word' id='word_1_38' title='bbox 1387 380 1424 413; x_wconf 86' lang='lat' dir='ltr'>a.</span> <span class='ocrx_word' id='word_1_39' title='bbox 1447 378 1581 424; x_wconf 85' lang='lat'>1759.</span> <span class='ocrx_word' id='word_1_40' title='bbox 1611 383 1732 413; x_wconf 88' lang='lat' dir='ltr'>nova</span> <span class='ocrx_word' id='word_1_41' title='bbox 1761 367 2017 427; x_wconf 84' lang='lat' dir='ltr'>Hamburgi</span> <span class='ocrx_word' id='word_1_42' title='bbox 2044 376 2175 426; x_wconf 86' lang='lat'><strong>1769.</strong></span> <span class='ocrx_word' id='word_1_43' title='bbox 2203 369 2285 425; x_wconf 80' lang='lat'>8.*</span> 
     </span>
     <span class='ocr_line' id='line_1_5' title="bbox 223 429 2284 496; baseline -0.002 -15"><span class='ocrx_word' id='word_1_44' title='bbox 223 434 410 496; x_wconf 85' lang='lat' dir='ltr'>prodiit,</span> <span class='ocrx_word' id='word_1_45' title='bbox 438 437 608 482; x_wconf 86' lang='lat' dir='ltr'>Danice</span> <span class='ocrx_word' id='word_1_46' title='bbox 634 437 794 488; x_wconf 85' lang='lat' dir='ltr'>etiam,</span> <span class='ocrx_word' id='word_1_47' title='bbox 830 437 1036 485; x_wconf 87' lang='lat' dir='ltr'>Suecice,</span> <span class='ocrx_word' id='word_1_48' title='bbox 1064 433 1115 490; x_wconf 39' lang='lat' dir='ltr'>s&amp;</span> <span class='ocrx_word' id='word_1_49' title='bbox 1130 431 1302 491; x_wconf 80' lang='lat' dir='ltr'>Belgice</span> <span class='ocrx_word' id='word_1_50' title='bbox 1323 429 1450 476; x_wconf 83' lang='lat' dir='ltr'>verso</span> <span class='ocrx_word' id='word_1_51' title='bbox 1478 431 1617 481; x_wconf 72' lang='lat' dir='ltr'>Amst.</span> <span class='ocrx_word' id='word_1_52' title='bbox 1638 436 1773 489; x_wconf 86' lang='lat'>1766.</span> <span class='ocrx_word' id='word_1_53' title='bbox 1792 437 1834 484; x_wconf 81' lang='lat'>8.</span> <span class='ocrx_word' id='word_1_54' title='bbox 1869 430 2023 491; x_wconf 82' lang='lat' dir='ltr'>paffim</span> <span class='ocrx_word' id='word_1_55' title='bbox 2043 435 2194 492; x_wconf 83' lang='lat' dir='ltr'>aliqua</span> <span class='ocrx_word' id='word_1_56' title='bbox 2213 439 2284 482; x_wconf 87' lang='lat' dir='ltr'>in-</span> 
     </span>
     <span class='ocr_line' id='line_1_6' title="bbox 223 488 2283 560; baseline -0.001 -14"><span class='ocrx_word' id='word_1_57' title='bbox 223 511 486 546; x_wconf 89' lang='lat' dir='ltr'>tercurrunt</span> <span class='ocrx_word' id='word_1_58' title='bbox 515 500 774 560; x_wconf 79' lang='lat' dir='ltr'>argument-i</span> <span class='ocrx_word' id='word_1_59' title='bbox 799 496 1107 558; x_wconf 75' lang='lat' dir='ltr'>physiologici.</span> <span class='ocrx_word' id='word_1_60' title='bbox 1177 496 1233 540; x_wconf 91' lang='lat' dir='ltr'>In</span> <span class='ocrx_word' id='word_1_61' title='bbox 1260 488 1357 541; x_wconf 81' lang='lat' dir='ltr'>T.I.</span> <span class='ocrx_word' id='word_1_62' title='bbox 1394 495 1448 540; x_wconf 86' lang='lat' dir='ltr'>de</span> <span class='ocrx_word' id='word_1_63' title='bbox 1471 494 1648 547; x_wconf 82' lang='lat' dir='ltr'>somnO,</span> <span class='ocrx_word' id='word_1_64' title='bbox 1673 495 2002 554; x_wconf 73' lang='lat' dir='ltr'>deglutitione,</span> <span class='ocrx_word' id='word_1_65' title='bbox 2040 512 2283 555; x_wconf 88' lang='lat' dir='ltr'>corporum</span> 
     </span>
     <span class='ocr_line' id='line_1_7' title="bbox 222 555 2285 612; baseline -0 -2"><span class='ocrx_word' id='word_1_66' title='bbox 222 564 473 610; x_wconf 84' lang='lat' dir='ltr'>conditura.</span> <span class='ocrx_word' id='word_1_67' title='bbox 546 565 605 611; x_wconf 85' lang='lat' dir='ltr'>In</span> <span class='ocrx_word' id='word_1_68' title='bbox 625 565 678 610; x_wconf 91' lang='lat' dir='ltr'>T.</span> <span class='ocrx_word' id='word_1_69' title='bbox 698 564 752 609; x_wconf 80' lang='grc' dir='ltr'>ΙΙ.</span> <span class='ocrx_word' id='word_1_70' title='bbox 783 562 836 608; x_wconf 90' lang='lat' dir='ltr'>de</span> <span class='ocrx_word' id='word_1_71' title='bbox 867 560 1195 612; x_wconf 60' lang='lat' dir='ltr'>instabilitate,</span> <span class='ocrx_word' id='word_1_72' title='bbox 1224 559 1508 605; x_wconf 71' lang='lat' dir='ltr'>membranas</span> <span class='ocrx_word' id='word_1_73' title='bbox 1537 557 1706 605; x_wconf 78' lang='lat' dir='ltr'>fatetur</span> <span class='ocrx_word' id='word_1_74' title='bbox 1723 555 1853 605; x_wconf 81' lang='lat' dir='ltr'>sensu</span> <span class='ocrx_word' id='word_1_75' title='bbox 1872 575 2035 606; x_wconf 88' lang='lat' dir='ltr'>carere.</span> <span class='ocrx_word' id='word_1_76' title='bbox 2101 561 2285 609; x_wconf 85' lang='lat' dir='ltr'>Nervos</span> 
     </span>
     <span class='ocr_line' id='line_1_8' title="bbox 222 621 2284 684; baseline -0.002 -10"><span class='ocrx_word' id='word_1_77' title='bbox 222 629 357 674; x_wconf 80' lang='lat' dir='ltr'>etiam</span> <span class='ocrx_word' id='word_1_78' title='bbox 389 640 514 674; x_wconf 75' lang='lat' dir='ltr'>extra</span> <span class='ocrx_word' id='word_1_79' title='bbox 538 626 768 674; x_wconf 89' lang='lat' dir='ltr'>cerebrum</span> <span class='ocrx_word' id='word_1_80' title='bbox 806 624 972 671; x_wconf 90' lang='lat' dir='ltr'>sentire</span> <span class='ocrx_word' id='word_1_81' title='bbox 987 659 1002 681; x_wconf 19' lang='lat'>,¹</span> <span class='ocrx_word' id='word_1_82' title='bbox 1037 622 1202 683; x_wconf 83' lang='lat' dir='ltr'>absque</span> <span class='ocrx_word' id='word_1_83' title='bbox 1224 621 1501 669; x_wconf 81' lang='lat' dir='ltr'>conscientia</span> <span class='ocrx_word' id='word_1_84' title='bbox 1531 623 1766 684; x_wconf 79' lang='lat' dir='ltr'>equidem,</span> <span class='ocrx_word' id='word_1_85' title='bbox 1795 634 1948 669; x_wconf 89' lang='lat' dir='ltr'>tamen</span> <span class='ocrx_word' id='word_1_86' title='bbox 1977 640 2079 669; x_wconf 89' lang='lat' dir='ltr'>cum</span> <span class='ocrx_word' id='word_1_87' title='bbox 2114 626 2284 670; x_wconf 85' lang='lat' dir='ltr'>volun-</span> 
     </span>
     <span class='ocr_line' id='line_1_9' title="bbox 218 686 2284 748; baseline -0.001 -10"><span class='ocrx_word' id='word_1_88' title='bbox 218 702 325 738; x_wconf 82' lang='lat' dir='ltr'>tate.</span> <span class='ocrx_word' id='word_1_89' title='bbox 411 694 618 738; x_wconf 86' lang='lat' dir='ltr'>Animam</span> <span class='ocrx_word' id='word_1_90' title='bbox 649 706 746 736; x_wconf 91' lang='lat' dir='ltr'>non</span> <span class='ocrx_word' id='word_1_91' title='bbox 768 691 817 736; x_wconf 88' lang='lat' dir='ltr'>in</span> <span class='ocrx_word' id='word_1_92' title='bbox 841 700 941 735; x_wconf 82' lang='lat' dir='ltr'>toto</span> <span class='ocrx_word' id='word_1_93' title='bbox 977 704 1164 748; x_wconf 84' lang='lat' dir='ltr'>corpore</span> <span class='ocrx_word' id='word_1_94' title='bbox 1189 686 1416 740; x_wconf 77' lang='lat' dir='ltr'>habitare,</span> <span class='ocrx_word' id='word_1_95' title='bbox 1456 689 1497 734; x_wconf 67' lang='grc' dir='ltr'>ἃ</span> <span class='ocrx_word' id='word_1_96' title='bbox 1527 688 1739 733; x_wconf 87' lang='lat' dir='ltr'>animalia</span> <span class='ocrx_word' id='word_1_97' title='bbox 1767 686 1908 747; x_wconf 79' lang='lat' dir='ltr'>posse,</span> <span class='ocrx_word' id='word_1_98' title='bbox 1941 686 2106 748; x_wconf 81' lang='lat' dir='ltr'>absque</span> <span class='ocrx_word' id='word_1_99' title='bbox 2131 689 2284 735; x_wconf 85' lang='lat' dir='ltr'>anima</span> 
     </span>
     <span class='ocr_line' id='line_1_10' title="bbox 221 751 2283 814; baseline -0.001 -12"><span class='ocrx_word' id='word_1_100' title='bbox 221 756 331 802; x_wconf 86' lang='lat' dir='ltr'>dari.</span> <span class='ocrx_word' id='word_1_101' title='bbox 400 756 485 802; x_wconf 91' lang='lat' dir='ltr'>Pro</span> <span class='ocrx_word' id='word_1_102' title='bbox 514 755 682 814; x_wconf 75' lang='lat' dir='ltr'>laqueis</span> <span class='ocrx_word' id='word_1_103' title='bbox 704 754 896 800; x_wconf 83' lang='lat' dir='ltr'>nervcis.</span> <span class='ocrx_word' id='word_1_104' title='bbox 966 754 1035 798; x_wconf 91' lang='lat' dir='ltr'>De</span> <span class='ocrx_word' id='word_1_105' title='bbox 1057 752 1324 798; x_wconf 85' lang='lat' dir='ltr'>nutritione.</span> <span class='ocrx_word' id='word_1_106' title='bbox 1392 752 1448 797; x_wconf 88' lang='lat' dir='ltr'>In</span> <span class='ocrx_word' id='word_1_107' title='bbox 1477 753 1531 798; x_wconf 90' lang='lat' dir='ltr'>T.</span> <span class='ocrx_word' id='word_1_108' title='bbox 1555 752 1635 798; x_wconf 90' lang='lat' dir='ltr'>III.</span> <span class='ocrx_word' id='word_1_109' title='bbox 1667 753 1750 797; x_wconf 78' lang='lat' dir='ltr'>alia</span> <span class='ocrx_word' id='word_1_110' title='bbox 1768 753 1863 811; x_wconf 79' lang='lat' dir='ltr'>lege</span> <span class='ocrx_word' id='word_1_111' title='bbox 1889 768 2024 811; x_wconf 88' lang='lat' dir='ltr'>quam</span> <span class='ocrx_word' id='word_1_112' title='bbox 2051 751 2283 799; x_wconf 81' lang='lat' dir='ltr'>mechani-</span> 
     </span>
     <span class='ocr_line' id='line_1_11' title="bbox 218 813 2282 879; baseline -0.001 -13"><span class='ocrx_word' id='word_1_113' title='bbox 218 835 269 865; x_wconf 90' lang='lat' dir='ltr'>ca</span> <span class='ocrx_word' id='word_1_114' title='bbox 301 836 463 879; x_wconf 86' lang='lat' dir='ltr'>corpus</span> <span class='ocrx_word' id='word_1_115' title='bbox 494 817 686 864; x_wconf 86' lang='lat' dir='ltr'>animale</span> <span class='ocrx_word' id='word_1_116' title='bbox 712 818 819 879; x_wconf 82' lang='lat' dir='ltr'>regi.</span> <span class='ocrx_word' id='word_1_117' title='bbox 905 817 975 862; x_wconf 91' lang='lat' dir='ltr'>De</span> <span class='ocrx_word' id='word_1_118' title='bbox 1000 817 1197 862; x_wconf 86' lang='lat' dir='ltr'>auditu:</span> <span class='ocrx_word' id='word_1_119' title='bbox 1248 818 1387 867; x_wconf 57' lang='lat' dir='ltr'>laete,</span> <span class='ocrx_word' id='word_1_120' title='bbox 1421 813 1672 861; x_wconf 67' lang='lat' dir='ltr'>adfectibus</span> <span class='ocrx_word' id='word_1_121' title='bbox 1701 815 1868 869; x_wconf 85' lang='lat' dir='ltr'>animi,</span> <span class='ocrx_word' id='word_1_122' title='bbox 1903 814 2156 864; x_wconf 80' lang='lat' dir='ltr'>submerfis.</span> <span class='ocrx_word' id='word_1_123' title='bbox 2223 817 2282 864; x_wconf 86' lang='lat' dir='ltr'>In·</span> 
     </span>
     <span class='ocr_line' id='line_1_12' title="bbox 217 878 2280 943; baseline -0.004 -13"><span class='ocrx_word' id='word_1_124' title='bbox 217 885 272 930; x_wconf 91' lang='lat' dir='ltr'>T.</span> <span class='ocrx_word' id='word_1_125' title='bbox 288 884 369 930; x_wconf 82' lang='lat' dir='ltr'>IV.</span> <span class='ocrx_word' id='word_1_126' title='bbox 398 899 536 943; x_wconf 83' lang='lat' dir='ltr'>grana</span> <span class='ocrx_word' id='word_1_127' title='bbox 565 884 836 942; x_wconf 86' lang='lat' dir='ltr'>polyporum</span> <span class='ocrx_word' id='word_1_128' title='bbox 853 880 934 926; x_wconf 84' lang='lat' dir='ltr'>effe</span> <span class='ocrx_word' id='word_1_129' title='bbox 951 881 1153 941; x_wconf 79' lang='lat' dir='ltr'>ganglia,</span> <span class='ocrx_word' id='word_1_130' title='bbox 1190 879 1285 925; x_wconf 86' lang='lat' dir='ltr'>dari</span> <span class='ocrx_word' id='word_1_131' title='bbox 1308 879 1520 925; x_wconf 83' lang='lat' dir='ltr'>animalia</span> <span class='ocrx_word' id='word_1_132' title='bbox 1544 878 1708 939; x_wconf 79' lang='lat' dir='ltr'>absque</span> <span class='ocrx_word' id='word_1_133' title='bbox 1730 879 1912 926; x_wconf 87' lang='lat' dir='ltr'>cerebro</span> <span class='ocrx_word' id='word_1_134' title='bbox 1942 881 2116 926; x_wconf 88' lang='lat' dir='ltr'>nullius</span> <span class='ocrx_word' id='word_1_135' title='bbox 2140 881 2280 927; x_wconf 58' lang='lat' dir='ltr'>aelio-</span> 
     </span>
     <span class='ocr_line' id='line_1_13' title="bbox 214 942 2278 1007; baseline -0 -14"><span class='ocrx_word' id='word_1_136' title='bbox 214 948 286 993; x_wconf 80' lang='lat' dir='ltr'>nis</span> <span class='ocrx_word' id='word_1_137' title='bbox 325 949 529 1007; x_wconf 76' lang='lat' dir='ltr'>capacia,</span> <span class='ocrx_word' id='word_1_138' title='bbox 577 963 678 1005; x_wconf 80' lang='lat' dir='ltr'>quae</span> <span class='ocrx_word' id='word_1_139' title='bbox 721 943 1042 992; x_wconf 81' lang='lat' dir='ltr'>conscientiam</span> <span class='ocrx_word' id='word_1_140' title='bbox 1085 944 1299 1003; x_wconf 84' lang='lat' dir='ltr'>requirat.</span> <span class='ocrx_word' id='word_1_141' title='bbox 1403 944 1617 990; x_wconf 83' lang='lat' dir='ltr'>Scintillae</span> <span class='ocrx_word' id='word_1_142' title='bbox 1652 960 1708 988; x_wconf 83' lang='lat' dir='ltr'>ex</span> <span class='ocrx_word' id='word_1_143' title='bbox 1745 942 2014 990; x_wconf 84' lang='lat' dir='ltr'>hominibus</span> <span class='ocrx_word' id='word_1_144' title='bbox 2042 946 2278 993; x_wconf 50' lang='lat' dir='ltr'>electricaea</span> 
     </span>
    </p>
   </div>
   <div class='ocr_carea' id='block_1_4' title="bbox 195 1007 2277 1133">
    <p class='ocr_par' dir='ltr' id='par_1_4' title="bbox 195 1007 2277 1133">
     <span class='ocr_line' id='line_1_14' title="bbox 195 1007 2277 1068; baseline -0.001 -11"><span class='ocrx_word' id='word_1_145' title='bbox 195 1012 549 1061; x_wconf 74' lang='lat' dir='ltr'>‘DROUART-UM</span> <span class='ocrx_word' id='word_1_146' title='bbox 571 1008 787 1056; x_wconf 87' lang='lat' dir='ltr'>feminam</span> <span class='ocrx_word' id='word_1_147' title='bbox 814 1007 908 1054; x_wconf 79' lang='lat' dir='ltr'>effe.</span> <span class='ocrx_word' id='word_1_148' title='bbox 979 1008 1035 1054; x_wconf 92' lang='lat' dir='ltr'>T.</span> <span class='ocrx_word' id='word_1_149' title='bbox 1051 1007 1110 1053; x_wconf 89' lang='lat' dir='ltr'>V.</span> <span class='ocrx_word' id='word_1_150' title='bbox 1147 1020 1306 1053; x_wconf 88' lang='lat' dir='ltr'>contra</span> <span class='ocrx_word' id='word_1_151' title='bbox 1332 1023 1434 1060; x_wconf 86' lang='lat' dir='ltr'>eos,</span> <span class='ocrx_word' id='word_1_152' title='bbox 1476 1009 1555 1067; x_wconf 83' lang='lat' dir='ltr'>qui</span> <span class='ocrx_word' id='word_1_153' title='bbox 1581 1007 1636 1052; x_wconf 81' lang='lat' dir='ltr'>ad</span> <span class='ocrx_word' id='word_1_154' title='bbox 1662 1018 1889 1068; x_wconf 80' lang='lat' dir='ltr'>quamque</span> <span class='ocrx_word' id='word_1_155' title='bbox 1921 1009 1969 1054; x_wconf 90' lang='lat' dir='ltr'>in</span> <span class='ocrx_word' id='word_1_156' title='bbox 1998 1024 2163 1055; x_wconf 83' lang='lat' dir='ltr'>nervos</span> <span class='ocrx_word' id='word_1_157' title='bbox 2192 1010 2277 1055; x_wconf 58' lang='lat' dir='ltr'>im&gt;-</span> 
     </span>
     <span class='ocr_line' id='line_1_15' title="bbox 212 1069 2277 1133; baseline -0.001 -12"><span class='ocrx_word' id='word_1_158' title='bbox 212 1073 482 1133; x_wconf 81' lang='lat' dir='ltr'>preffionem</span> <span class='ocrx_word' id='word_1_159' title='bbox 515 1075 565 1120; x_wconf 89' lang='lat' dir='ltr'>in</span> <span class='ocrx_word' id='word_1_160' title='bbox 599 1075 748 1119; x_wconf 88' lang='lat' dir='ltr'>anima</span> <span class='ocrx_word' id='word_1_161' title='bbox 781 1070 1081 1118; x_wconf 86' lang='lat' dir='ltr'>sensationem</span> <span class='ocrx_word' id='word_1_162' title='bbox 1127 1072 1294 1117; x_wconf 85' lang='lat' dir='ltr'>docent</span> <span class='ocrx_word' id='word_1_163' title='bbox 1318 1069 1459 1130; x_wconf 84' lang='lat' dir='ltr'>sequi.</span> <span class='ocrx_word' id='word_1_164' title='bbox 1551 1072 1607 1117; x_wconf 89' lang='lat' dir='ltr'>In</span> <span class='ocrx_word' id='word_1_165' title='bbox 1646 1073 1797 1117; x_wconf 78' lang='lat' dir='ltr'>nervis</span> <span class='ocrx_word' id='word_1_166' title='bbox 1826 1070 2004 1118; x_wconf 87' lang='lat' dir='ltr'>sensum</span> <span class='ocrx_word' id='word_1_167' title='bbox 2037 1073 2277 1120; x_wconf 82' lang='lat' dir='ltr'>internum</span> 
     </span>
    </p>
   </div>
   <div class='ocr_carea' id='block_1_5' title="bbox 212 1134 2279 1198">
    <p class='ocr_par' dir='ltr' id='par_1_5' title="bbox 212 1134 2279 1198">
     <span class='ocr_line' id='line_1_16' title="bbox 212 1134 2279 1198; baseline -0 -14"><span class='ocrx_word' id='word_1_168' title='bbox 212 1138 442 1192; x_wconf 85' lang='lat' dir='ltr'>habitare,</span> <span class='ocrx_word' id='word_1_169' title='bbox 474 1155 553 1198; x_wconf 85' lang='lat' dir='ltr'>per</span> <span class='ocrx_word' id='word_1_170' title='bbox 579 1153 713 1197; x_wconf 89' lang='lat' dir='ltr'>quern</span> <span class='ocrx_word' id='word_1_171' title='bbox 739 1134 968 1183; x_wconf 82' lang='lat' dir='ltr'>musculos</span> <span class='ocrx_word' id='word_1_172' title='bbox 996 1135 1047 1181; x_wconf 88' lang='lat' dir='ltr'>in</span> <span class='ocrx_word' id='word_1_173' title='bbox 1079 1144 1259 1182; x_wconf 76' lang='lat' dir='ltr'>morum</span> <span class='ocrx_word' id='word_1_174' title='bbox 1287 1136 1429 1181; x_wconf 90' lang='lat' dir='ltr'>ciunt.</span> <span class='ocrx_word' id='word_1_175' title='bbox 1499 1134 1664 1181; x_wconf 80' lang='lat' dir='ltr'>Cordis</span> <span class='ocrx_word' id='word_1_176' title='bbox 1690 1147 1870 1182; x_wconf 91' lang='lat' dir='ltr'>motum</span> <span class='ocrx_word' id='word_1_177' title='bbox 1897 1149 2050 1182; x_wconf 84' lang='lat' dir='ltr'>tamen</span> <span class='ocrx_word' id='word_1_178' title='bbox 2077 1154 2101 1183; x_wconf 90' lang='lat' dir='ltr'>a</span> <span class='ocrx_word' id='word_1_179' title='bbox 2120 1138 2279 1184; x_wconf 76' lang='lat' dir='ltr'>nervis</span> 
     </span>
    </p>
   </div>
   <div class='ocr_carea' id='block_1_6' title="bbox 205 1203 2345 1472">
    <p class='ocr_par' dir='ltr' id='par_1_6' title="bbox 209 1203 420 1263">
     <span class='ocr_line' id='line_1_17' title="bbox 209 1203 420 1263; baseline -0.005 -14"><span class='ocrx_word' id='word_1_180' title='bbox 209 1203 420 1263; x_wconf 89' lang='lat' dir='ltr'>pendere.</span> 
     </span>
    </p>

    <p class='ocr_par' dir='ltr' id='par_1_7' title="bbox 205 1279 2345 1472">
     <span class='ocr_line' id='line_1_18' title="bbox 335 1279 2345 1342; baseline 0.002 -13"><span class='ocrx_word' id='word_1_181' title='bbox 335 1284 391 1329; x_wconf 88' lang='lat' dir='ltr'>In</span> <span class='ocrx_word' id='word_1_182' title='bbox 417 1284 471 1330; x_wconf 90' lang='lat' dir='ltr'>T.</span> <span class='ocrx_word' id='word_1_183' title='bbox 490 1284 551 1330; x_wconf 88' lang='lat' dir='ltr'>X.</span> <span class='ocrx_word' id='word_1_184' title='bbox 586 1283 787 1330; x_wconf 86' lang='lat' dir='ltr'>Oculum</span> <span class='ocrx_word' id='word_1_185' title='bbox 815 1299 917 1329; x_wconf 88' lang='lat' dir='ltr'>cum</span> <span class='ocrx_word' id='word_1_186' title='bbox 948 1298 1121 1329; x_wconf 87' lang='lat' dir='ltr'>camera</span> <span class='ocrx_word' id='word_1_187' title='bbox 1148 1279 1336 1328; x_wconf 86' lang='lat' dir='ltr'>obscura</span> <span class='ocrx_word' id='word_1_188' title='bbox 1364 1281 1616 1342; x_wconf 87' lang='lat' dir='ltr'>comparari</span> <span class='ocrx_word' id='word_1_189' title='bbox 1646 1280 1790 1342; x_wconf 80' lang='lat' dir='ltr'>poffe,</span> <span class='ocrx_word' id='word_1_190' title='bbox 1840 1284 1966 1329; x_wconf 89' lang='lat' dir='ltr'>nulla</span> <span class='ocrx_word' id='word_1_191' title='bbox 2006 1283 2169 1330; x_wconf 78' lang='lat' dir='ltr'>animae</span> <span class='ocrx_word' id='word_1_192' title='bbox 2204 1303 2273 1333; x_wconf 87' lang='lat' dir='ltr'>ra·-</span> <span class='ocrx_word' id='word_1_193' title='bbox 2343 1295 2345 1297; x_wconf 74' lang='grc'><strong><em>’</em></strong></span> 
     </span>
     <span class='ocr_line' id='line_1_19' title="bbox 208 1347 2277 1407; baseline 0 -12"><span class='ocrx_word' id='word_1_194' title='bbox 208 1349 332 1395; x_wconf 89' lang='lat' dir='ltr'>tione</span> <span class='ocrx_word' id='word_1_195' title='bbox 361 1348 525 1394; x_wconf 83' lang='lat' dir='ltr'>habita.</span> <span class='ocrx_word' id='word_1_196' title='bbox 596 1349 681 1394; x_wconf 87' lang='lat' dir='ltr'>Pro</span> <span class='ocrx_word' id='word_1_197' title='bbox 710 1348 888 1393; x_wconf 80' lang='lat' dir='ltr'>influxu</span> <span class='ocrx_word' id='word_1_198' title='bbox 915 1348 1104 1399; x_wconf 79' lang='lat' dir='ltr'>animae,</span> <span class='ocrx_word' id='word_1_199' title='bbox 1143 1359 1196 1392; x_wconf 86' lang='lat' dir='ltr'>ut</span> <span class='ocrx_word' id='word_1_200' title='bbox 1224 1358 1379 1393; x_wconf 87' lang='lat' dir='ltr'>tamen</span> <span class='ocrx_word' id='word_1_201' title='bbox 1407 1363 1570 1406; x_wconf 86' lang='lat' dir='ltr'>corpus</span> <span class='ocrx_word' id='word_1_202' title='bbox 1597 1362 1692 1392; x_wconf 90' lang='lat' dir='ltr'>non</span> <span class='ocrx_word' id='word_1_203' title='bbox 1723 1347 1825 1393; x_wconf 88' lang='lat' dir='ltr'>ideo</span> <span class='ocrx_word' id='word_1_204' title='bbox 1857 1348 1977 1394; x_wconf 81' lang='lat' dir='ltr'>iners</span> <span class='ocrx_word' id='word_1_205' title='bbox 2002 1360 2146 1407; x_wconf 84' lang='lat' dir='ltr'>putet.</span> <span class='ocrx_word' id='word_1_206' title='bbox 2197 1352 2277 1397; x_wconf 70' lang='lat' dir='ltr'>De</span> 
     </span>
     <span class='ocr_line' id='line_1_20' title="bbox 205 1410 2273 1472; baseline 0.001 -15"><span class='ocrx_word' id='word_1_207' title='bbox 205 1413 404 1472; x_wconf 85' lang='lat' dir='ltr'>porcello</span> <span class='ocrx_word' id='word_1_208' title='bbox 438 1412 582 1471; x_wconf 86' lang='lat' dir='ltr'>capite</span> <span class='ocrx_word' id='word_1_209' title='bbox 608 1412 815 1461; x_wconf 84' lang='lat' dir='ltr'>rotundo</span> <span class='ocrx_word' id='word_1_210' title='bbox 839 1446 852 1465; x_wconf 85' lang='lat'>,</span> <span class='ocrx_word' id='word_1_211' title='bbox 899 1414 940 1458; x_wconf 70' lang='grc' dir='ltr'>ἃ</span> <span class='ocrx_word' id='word_1_212' title='bbox 975 1412 1168 1471; x_wconf 80' lang='lat' dir='ltr'>quadam</span> <span class='ocrx_word' id='word_1_213' title='bbox 1205 1410 1502 1471; x_wconf 83' lang='lat' dir='ltr'>proboscide:</span> <span class='ocrx_word' id='word_1_214' title='bbox 1558 1427 1662 1457; x_wconf 88' lang='lat' dir='ltr'>eum</span> <span class='ocrx_word' id='word_1_215' title='bbox 1699 1410 1835 1458; x_wconf 86' lang='lat' dir='ltr'>habet</span> <span class='ocrx_word' id='word_1_216' title='bbox 1870 1428 1952 1472; x_wconf 86' lang='lat' dir='ltr'>pro</span> <span class='ocrx_word' id='word_1_217' title='bbox 1988 1414 2181 1459; x_wconf 86' lang='lat' dir='ltr'>animale</span> <span class='ocrx_word' id='word_1_218' title='bbox 2213 1431 2273 1461; x_wconf 68' lang='lat' dir='ltr'>ex</span> 
     </span>
    </p>
   </div>
   <div class='ocr_carea' id='block_1_7' title="bbox 143 1465 755 1536">
    <p class='ocr_par' dir='ltr' id='par_1_8' title="bbox 143 1465 755 1536">
     <span class='ocr_line' id='line_1_21' title="bbox 143 1465 755 1536; baseline -0.002 -14"><span class='ocrx_word' id='word_1_219' title='bbox 143 1465 174 1493; x_wconf 38' lang='grc' dir='ltr'>χ</span> <span class='ocrx_word' id='word_1_220' title='bbox 204 1492 315 1522; x_wconf 85' lang='lat' dir='ltr'>cane</span> <span class='ocrx_word' id='word_1_221' title='bbox 345 1478 387 1522; x_wconf 67' lang='grc' dir='ltr'>ἃ</span> <span class='ocrx_word' id='word_1_222' title='bbox 415 1474 491 1522; x_wconf 90' lang='lat' dir='ltr'>sue</span> <span class='ocrx_word' id='word_1_223' title='bbox 517 1475 755 1536; x_wconf 89' lang='lat' dir='ltr'>hybrideo.</span> 
     </span>
    </p>
   </div>
   <div class='ocr_carea' id='block_1_8' title="bbox 204 1554 2272 1749">
    <p class='ocr_par' dir='ltr' id='par_1_9' title="bbox 204 1554 2272 1749">
     <span class='ocr_line' id='line_1_22' title="bbox 337 1554 2272 1619; baseline 0.001 -15"><span class='ocrx_word' id='word_1_224' title='bbox 337 1559 392 1604; x_wconf 90' lang='lat' dir='ltr'>In</span> <span class='ocrx_word' id='word_1_225' title='bbox 409 1558 561 1604; x_wconf 83' lang='lat' dir='ltr'>libello</span> <span class='ocrx_word' id='word_1_226' title='bbox 572 1556 900 1619; x_wconf 74' lang='lat' dir='ltr'>philosophische</span> <span class='ocrx_word' id='word_1_227' title='bbox 921 1554 1287 1619; x_wconf 65' lang='lat' dir='ltr'>Unterfizchungm</span> <span class='ocrx_word' id='word_1_228' title='bbox 1306 1571 1324 1602; x_wconf 85' lang='grc' dir='ltr'>Ι</span> <span class='ocrx_word' id='word_1_229' title='bbox 1333 1569 1441 1615; x_wconf 83' lang='lat'>773.</span> <span class='ocrx_word' id='word_1_230' title='bbox 1463 1554 1540 1612; x_wconf 80' lang='lat'>8.*</span> <span class='ocrx_word' id='word_1_231' title='bbox 1573 1568 1730 1618; x_wconf 81' lang='lat' dir='ltr'>urget,</span> <span class='ocrx_word' id='word_1_232' title='bbox 1757 1569 1910 1605; x_wconf 85' lang='lat' dir='ltr'>tamen</span> <span class='ocrx_word' id='word_1_233' title='bbox 1933 1575 2080 1619; x_wconf 88' lang='lat' dir='ltr'>neque</span> <span class='ocrx_word' id='word_1_234' title='bbox 2099 1558 2272 1619; x_wconf 75' lang='lat' dir='ltr'>absque</span> 
     </span>
     <span class='ocr_line' id='line_1_23' title="bbox 204 1619 2267 1683; baseline 0 -15"><span class='ocrx_word' id='word_1_235' title='bbox 204 1623 355 1669; x_wconf 84' lang='lat' dir='ltr'>nervis</span> <span class='ocrx_word' id='word_1_236' title='bbox 392 1621 560 1668; x_wconf 85' lang='lat' dir='ltr'>stimuli</span> <span class='ocrx_word' id='word_1_237' title='bbox 591 1619 776 1669; x_wconf 63' lang='lat' dir='ltr'>effectus</span> <span class='ocrx_word' id='word_1_238' title='bbox 809 1621 1069 1675; x_wconf 79' lang='lat' dir='ltr'>secuturos,</span> <span class='ocrx_word' id='word_1_239' title='bbox 1117 1639 1264 1682; x_wconf 88' lang='lat' dir='ltr'>neque</span> <span class='ocrx_word' id='word_1_240' title='bbox 1298 1621 1462 1683; x_wconf 85' lang='lat' dir='ltr'>absque</span> <span class='ocrx_word' id='word_1_241' title='bbox 1492 1624 1643 1668; x_wconf 83' lang='lat' dir='ltr'>nervis</span> <span class='ocrx_word' id='word_1_242' title='bbox 1679 1623 1827 1669; x_wconf 85' lang='lat' dir='ltr'>cordis</span> <span class='ocrx_word' id='word_1_243' title='bbox 1865 1635 2042 1669; x_wconf 87' lang='lat' dir='ltr'>motum</span> <span class='ocrx_word' id='word_1_244' title='bbox 2079 1623 2267 1683; x_wconf 83' lang='lat' dir='ltr'>perfici,</span> 
     </span>
     <span class='ocr_line' id='line_1_24' title="bbox 207 1684 2264 1749; baseline 0.001 -17"><span class='ocrx_word' id='word_1_245' title='bbox 207 1704 358 1748; x_wconf 86' lang='lat' dir='ltr'>neque</span> <span class='ocrx_word' id='word_1_246' title='bbox 389 1686 549 1732; x_wconf 87' lang='lat' dir='ltr'>debere</span> <span class='ocrx_word' id='word_1_247' title='bbox 571 1703 737 1733; x_wconf 86' lang='lat' dir='ltr'>nervos</span> <span class='ocrx_word' id='word_1_248' title='bbox 769 1688 947 1748; x_wconf 84' lang='lat' dir='ltr'>polypis</span> <span class='ocrx_word' id='word_1_249' title='bbox 974 1687 1160 1749; x_wconf 84' lang='lat' dir='ltr'>negari,</span> <span class='ocrx_word' id='word_1_250' title='bbox 1205 1703 1353 1747; x_wconf 88' lang='lat' dir='ltr'>neque</span> <span class='ocrx_word' id='word_1_251' title='bbox 1380 1688 1494 1733; x_wconf 85' lang='lat' dir='ltr'>bene</span> <span class='ocrx_word' id='word_1_252' title='bbox 1525 1687 1778 1734; x_wconf 83' lang='lat' dir='ltr'>voluntatis</span> <span class='ocrx_word' id='word_1_253' title='bbox 1807 1684 1992 1734; x_wconf 62' lang='lat' dir='ltr'>effeetus</span> <span class='ocrx_word' id='word_1_254' title='bbox 2025 1704 2129 1734; x_wconf 87' lang='lat' dir='ltr'>cum</span> <span class='ocrx_word' id='word_1_255' title='bbox 2167 1689 2264 1734; x_wconf 86' lang='lat' dir='ltr'>ani-</span> 
     </span>
    </p>
   </div>
   <div class='ocr_carea' id='block_1_9' title="bbox 200 1749 832 1798">
    <p class='ocr_par' dir='ltr' id='par_1_10' title="bbox 200 1749 832 1798">
     <span class='ocr_line' id='line_1_25' title="bbox 200 1749 832 1798; baseline 0 -1"><span class='ocrx_word' id='word_1_256' title='bbox 200 1766 285 1797; x_wconf 84' lang='lat' dir='ltr'>mae</span> <span class='ocrx_word' id='word_1_257' title='bbox 310 1752 565 1798; x_wconf 65' lang='lat' dir='ltr'>actionibus</span> <span class='ocrx_word' id='word_1_258' title='bbox 595 1749 832 1797; x_wconf 87' lang='lat' dir='ltr'>confundi.</span> 
     </span>
    </p>
   </div>
   <div class='ocr_carea' id='block_1_10' title="bbox 761 1846 1715 1931">
    <p class='ocr_par' dir='ltr' id='par_1_11' title="bbox 761 1846 1715 1931">
     <span class='ocr_line' id='line_1_26' title="bbox 761 1846 1715 1931; baseline 0.003 -16"><span class='ocrx_word' id='word_1_259' title='bbox 761 1865 806 1923; x_wconf 65' lang='grc' dir='ltr'>ς.</span> <span class='ocrx_word' id='word_1_260' title='bbox 843 1869 1153 1917; x_wconf 79' lang='lat' dir='ltr'><strong>MLXXII.</strong></span> <span class='ocrx_word' id='word_1_261' title='bbox 1247 1866 1441 1931; x_wconf 65' lang='lat' dir='ltr'>Jofhplms</span> <span class='ocrx_word' id='word_1_262' title='bbox 1477 1846 1715 1923; x_wconf 49' lang='lat' dir='ltr'>Mosei,</span> 
     </span>
    </p>
   </div>
   <div class='ocr_carea' id='block_1_11' title="bbox 196 1983 2271 2239">
    <p class='ocr_par' dir='ltr' id='par_1_12' title="bbox 196 1983 2271 2239">
     <span class='ocr_line' id='line_1_27' title="bbox 327 1983 2271 2048; baseline 0.002 -16"><span class='ocrx_word' id='word_1_263' title='bbox 327 1984 537 2032; x_wconf 82' lang='lat' dir='ltr'>Medicus</span> <span class='ocrx_word' id='word_1_264' title='bbox 564 1983 911 2044; x_wconf 74' lang='lat' dir='ltr'>Neapolitanu3‚</span> <span class='ocrx_word' id='word_1_265' title='bbox 940 1986 1128 2032; x_wconf 88' lang='lat' dir='ltr'>minime</span> <span class='ocrx_word' id='word_1_266' title='bbox 1144 1985 1342 2045; x_wconf 79' lang='lat' dir='ltr'>vulgaris</span> <span class='ocrx_word' id='word_1_267' title='bbox 1364 1987 1535 2031; x_wconf 64' lang='lat' dir='ltr'>auctor.</span> <span class='ocrx_word' id='word_1_268' title='bbox 1603 1985 1722 2045; x_wconf 83' lang='lat' dir='ltr'>EJUS</span> <span class='ocrx_word' id='word_1_269' title='bbox 1762 1984 1904 2032; x_wconf 81' lang='lat' dir='ltr'>exstat</span> <span class='ocrx_word' id='word_1_270' title='bbox 1937 1984 2111 2048; x_wconf 81' lang='lat' dir='ltr'>inligne</span> <span class='ocrx_word' id='word_1_271' title='bbox 2146 2004 2271 2047; x_wconf 64' lang='lat' dir='ltr'>opust</span> 
     </span>
     <span class='ocr_line' id='line_1_28' title="bbox 198 2048 2268 2112; baseline 0.002 -18"><span class='ocrx_word' id='word_1_272' title='bbox 198 2048 301 2095; x_wconf 66' lang='lat' dir='ltr'>deff’</span> <span class='ocrx_word' id='word_1_273' title='bbox 329 2055 426 2096; x_wconf 81' lang='lat' dir='ltr'>aria</span> <span class='ocrx_word' id='word_1_274' title='bbox 455 2067 475 2095; x_wconf 86' lang='lat' dir='ltr'>e</span> <span class='ocrx_word' id='word_1_275' title='bbox 502 2049 547 2094; x_wconf 83' lang='lat' dir='ltr'>di</span> <span class='ocrx_word' id='word_1_276' title='bbox 573 2049 710 2095; x_wconf 74' lang='lat' dir='ltr'>morbi</span> <span class='ocrx_word' id='word_1_277' title='bbox 746 2049 851 2095; x_wconf 64' lang='lat' dir='ltr'>dell’</span> <span class='ocrx_word' id='word_1_278' title='bbox 883 2054 980 2096; x_wconf 74' lang='lat' dir='ltr'>aria</span> <span class='ocrx_word' id='word_1_279' title='bbox 1017 2050 1266 2112; x_wconf 80' lang='lat' dir='ltr'>dipendenti</span> <span class='ocrx_word' id='word_1_280' title='bbox 1305 2051 1499 2110; x_wconf 80' lang='lat' dir='ltr'>Neapoli</span> <span class='ocrx_word' id='word_1_281' title='bbox 1525 2055 1573 2102; x_wconf 63' lang='lat' dir='ltr'>8v</span> <span class='ocrx_word' id='word_1_282' title='bbox 1601 2062 1646 2108; x_wconf 88' lang='lat'>4.</span> <span class='ocrx_word' id='word_1_283' title='bbox 1658 2048 1799 2095; x_wconf 83' lang='lat' dir='ltr'>Vol.*</span> <span class='ocrx_word' id='word_1_284' title='bbox 1835 2051 1891 2096; x_wconf 82' lang='lat' dir='ltr'>T.</span> <span class='ocrx_word' id='word_1_285' title='bbox 1913 2051 1947 2096; x_wconf 85' lang='grc' dir='ltr'>Ι.</span> <span class='ocrx_word' id='word_1_286' title='bbox 1976 2052 2021 2097; x_wconf 87' lang='lat' dir='ltr'>P.</span> <span class='ocrx_word' id='word_1_287' title='bbox 2048 2053 2080 2097; x_wconf 91' lang='lat'>1.</span> <span class='ocrx_word' id='word_1_288' title='bbox 2123 2060 2268 2111; x_wconf 82' lang='lat'><strong>1746.-</strong></span> 
     </span>
     <span class='ocr_line' id='line_1_29' title="bbox 196 2111 2263 2177; baseline 0.002 -18"><span class='ocrx_word' id='word_1_289' title='bbox 196 2113 294 2160; x_wconf 86' lang='lat' dir='ltr'>P.I.</span> <span class='ocrx_word' id='word_1_290' title='bbox 317 2115 372 2160; x_wconf 91' lang='lat' dir='ltr'>T.</span> <span class='ocrx_word' id='word_1_291' title='bbox 388 2114 445 2160; x_wconf 91' lang='grc' dir='ltr'>ΙΙ.</span> <span class='ocrx_word' id='word_1_292' title='bbox 472 2124 609 2171; x_wconf 86' lang='lat'><em>1747.</em></span> <span class='ocrx_word' id='word_1_293' title='bbox 660 2114 705 2159; x_wconf 86' lang='lat' dir='ltr'>P.</span> <span class='ocrx_word' id='word_1_294' title='bbox 722 2113 780 2159; x_wconf 86' lang='grc' dir='ltr'>ΙΙ.</span> <span class='ocrx_word' id='word_1_295' title='bbox 810 2114 863 2160; x_wconf 88' lang='lat' dir='ltr'>T.</span> <span class='ocrx_word' id='word_1_296' title='bbox 882 2114 916 2159; x_wconf 93' lang='lat' dir='ltr'>I.</span> <span class='ocrx_word' id='word_1_297' title='bbox 947 2127 1082 2171; x_wconf 86' lang='lat'>1749.</span> <span class='ocrx_word' id='word_1_298' title='bbox 1130 2115 1253 2161; x_wconf 89' lang='lat' dir='ltr'>P.11.</span> <span class='ocrx_word' id='word_1_299' title='bbox 1276 2114 1331 2160; x_wconf 87' lang='lat' dir='ltr'>T.</span> <span class='ocrx_word' id='word_1_300' title='bbox 1351 2115 1406 2159; x_wconf 87' lang='grc' dir='ltr'>ΙΙ.</span> <span class='ocrx_word' id='word_1_301' title='bbox 1436 2126 1570 2171; x_wconf 90' lang='lat'>1749.</span> <span class='ocrx_word' id='word_1_302' title='bbox 1597 2120 1639 2166; x_wconf 87' lang='lat'>8.</span> <span class='ocrx_word' id='word_1_303' title='bbox 1712 2111 1886 2172; x_wconf 79' lang='lat' dir='ltr'>Phyfici</span> <span class='ocrx_word' id='word_1_304' title='bbox 1913 2116 2095 2174; x_wconf 86' lang='lat' dir='ltr'>quidem</span> <span class='ocrx_word' id='word_1_305' title='bbox 2126 2114 2263 2177; x_wconf 63' lang='lat' dir='ltr'>potis=</span> 
     </span>
     <span class='ocr_line' id='line_1_30' title="bbox 196 2174 2150 2239; baseline 0.002 -17"><span class='ocrx_word' id='word_1_306' title='bbox 196 2174 357 2223; x_wconf 82' lang='lat' dir='ltr'>fimum</span> <span class='ocrx_word' id='word_1_307' title='bbox 385 2179 426 2224; x_wconf 86' lang='lat'>&amp;</span> <span class='ocrx_word' id='word_1_308' title='bbox 450 2178 602 2224; x_wconf 80' lang='lat' dir='ltr'>clinici</span> <span class='ocrx_word' id='word_1_309' title='bbox 630 2180 909 2238; x_wconf 79' lang='lat' dir='ltr'>argumenti,</span> <span class='ocrx_word' id='word_1_310' title='bbox 944 2181 1089 2225; x_wconf 85' lang='lat' dir='ltr'>multa</span> <span class='ocrx_word' id='word_1_311' title='bbox 1122 2189 1276 2224; x_wconf 87' lang='lat' dir='ltr'>tamen</span> <span class='ocrx_word' id='word_1_312' title='bbox 1305 2177 1442 2223; x_wconf 86' lang='lat' dir='ltr'>habet</span> <span class='ocrx_word' id='word_1_313' title='bbox 1466 2179 1520 2223; x_wconf 85' lang='lat' dir='ltr'>ad</span> <span class='ocrx_word' id='word_1_314' title='bbox 1546 2195 1646 2223; x_wconf 82' lang='lat' dir='ltr'>rem</span> <span class='ocrx_word' id='word_1_315' title='bbox 1665 2177 1866 2223; x_wconf 78' lang='lat' dir='ltr'>nostram</span> <span class='ocrx_word' id='word_1_316' title='bbox 1890 2177 2150 2239; x_wconf 63' lang='lat' dir='ltr'>spectantia.</span> 
     </span>
    </p>
   </div>
   <div class='ocr_carea' id='block_1_12' title="bbox 193 2257 2263 2514">
    <p class='ocr_par' dir='ltr' id='par_1_13' title="bbox 193 2257 2263 2514">
     <span class='ocr_line' id='line_1_31' title="bbox 328 2257 2261 2322; baseline 0.003 -18"><span class='ocrx_word' id='word_1_317' title='bbox 328 2259 383 2304; x_wconf 92' lang='lat' dir='ltr'>In</span> <span class='ocrx_word' id='word_1_318' title='bbox 407 2260 463 2306; x_wconf 87' lang='grc' dir='ltr'>Τ.</span> <span class='ocrx_word' id='word_1_319' title='bbox 478 2258 512 2304; x_wconf 91' lang='grc' dir='ltr'>Ι.</span> <span class='ocrx_word' id='word_1_320' title='bbox 542 2257 632 2304; x_wconf 75' lang='lat' dir='ltr'>diff.</span> <span class='ocrx_word' id='word_1_321' title='bbox 657 2270 695 2314; x_wconf 80' lang='lat'>3.</span> <span class='ocrx_word' id='word_1_322' title='bbox 730 2271 889 2306; x_wconf 86' lang='lat' dir='ltr'>contra</span> <span class='ocrx_word' id='word_1_323' title='bbox 912 2260 1294 2307; x_wconf 70' lang='lat' dir='ltr'>BOERHAAVIUM</span> <span class='ocrx_word' id='word_1_324' title='bbox 1324 2258 1550 2314; x_wconf 75' lang='lat' dir='ltr'>defen-dit,</span> <span class='ocrx_word' id='word_1_325' title='bbox 1599 2260 1790 2306; x_wconf 86' lang='lat' dir='ltr'>omnino</span> <span class='ocrx_word' id='word_1_326' title='bbox 1821 2268 1968 2306; x_wconf 85' lang='lat' dir='ltr'>a&#39;e&#39;rem</span> <span class='ocrx_word' id='word_1_327' title='bbox 2003 2263 2052 2307; x_wconf 89' lang='lat' dir='ltr'>in</span> <span class='ocrx_word' id='word_1_328' title='bbox 2082 2264 2261 2322; x_wconf 69' lang='lat' dir='ltr'>pulmo·</span> 
     </span>
     <span class='ocr_line' id='line_1_32' title="bbox 196 2320 2263 2387; baseline 0.002 -20"><span class='ocrx_word' id='word_1_329' title='bbox 196 2337 255 2367; x_wconf 84' lang='lat' dir='ltr'>ne</span> <span class='ocrx_word' id='word_1_330' title='bbox 285 2320 531 2376; x_wconf 82' lang='lat' dir='ltr'>resorberi,</span> <span class='ocrx_word' id='word_1_331' title='bbox 565 2324 616 2368; x_wconf 88' lang='lat' dir='ltr'>in</span> <span class='ocrx_word' id='word_1_332' title='bbox 636 2323 901 2384; x_wconf 83' lang='lat' dir='ltr'>sanguinem</span> <span class='ocrx_word' id='word_1_333' title='bbox 924 2324 1112 2377; x_wconf 83' lang='lat' dir='ltr'>venire3</span> <span class='ocrx_word' id='word_1_334' title='bbox 1151 2324 1206 2370; x_wconf 86' lang='lat' dir='ltr'>ab</span> <span class='ocrx_word' id='word_1_335' title='bbox 1231 2331 1330 2370; x_wconf 72' lang='lat' dir='ltr'>aere</span> <span class='ocrx_word' id='word_1_336' title='bbox 1360 2326 1696 2384; x_wconf 78' lang='lat' dir='ltr'>generationem</span> <span class='ocrx_word' id='word_1_337' title='bbox 1735 2326 2000 2371; x_wconf 79' lang='lat' dir='ltr'>animal-ium</span> <span class='ocrx_word' id='word_1_338' title='bbox 2036 2327 2263 2387; x_wconf 62' lang='lat' dir='ltr'>pendere,-</span> 
     </span>
     <span class='ocr_line' id='line_1_33' title="bbox 196 2385 2260 2450; baseline 0.002 -19"><span class='ocrx_word' id='word_1_339' title='bbox 196 2386 397 2432; x_wconf 89' lang='lat' dir='ltr'>eamdem</span> <span class='ocrx_word' id='word_1_340' title='bbox 432 2385 512 2432; x_wconf 83' lang='lat' dir='ltr'>effe</span> <span class='ocrx_word' id='word_1_341' title='bbox 546 2404 698 2432; x_wconf 85' lang='lat' dir='ltr'>veram</span> <span class='ocrx_word' id='word_1_342' title='bbox 730 2387 971 2447; x_wconf 77' lang='lat' dir='ltr'>spirituum</span> <span class='ocrx_word' id='word_1_343' title='bbox 1009 2389 1272 2434; x_wconf 83' lang='lat' dir='ltr'>animalium</span> <span class='ocrx_word' id='word_1_344' title='bbox 1303 2389 1546 2434; x_wconf 82' lang='lat' dir='ltr'>materiem.</span> <span class='ocrx_word' id='word_1_345' title='bbox 1634 2386 1876 2435; x_wconf 87' lang='lat' dir='ltr'>Resorberi</span> <span class='ocrx_word' id='word_1_346' title='bbox 1905 2391 2039 2435; x_wconf 85' lang='lat' dir='ltr'>etiam</span> <span class='ocrx_word' id='word_1_347' title='bbox 2073 2408 2147 2450; x_wconf 81' lang='lat' dir='ltr'>per</span> <span class='ocrx_word' id='word_1_348' title='bbox 2182 2407 2260 2436; x_wconf 68' lang='lat' dir='ltr'>cu:-</span> 
     </span>
     <span class='ocr_line' id='line_1_34' title="bbox 193 2451 2261 2514; baseline 0.002 -20"><span class='ocrx_word' id='word_1_349' title='bbox 193 2462 310 2503; x_wconf 86' lang='lat' dir='ltr'>tem‚</span> <span class='ocrx_word' id='word_1_350' title='bbox 363 2453 482 2496; x_wconf 63' lang='lat' dir='ltr'>rec&#39;ka</span> <span class='ocrx_word' id='word_1_351' title='bbox 514 2451 586 2496; x_wconf 84' lang='lat' dir='ltr'>via</span> <span class='ocrx_word' id='word_1_352' title='bbox 619 2453 668 2496; x_wconf 85' lang='lat' dir='ltr'>in</span> <span class='ocrx_word' id='word_1_353' title='bbox 708 2463 843 2511; x_wconf 83' lang='lat' dir='ltr'>caput</span> <span class='ocrx_word' id='word_1_354' title='bbox 875 2453 1056 2505; x_wconf 75' lang='lat' dir='ltr'>venire,</span> <span class='ocrx_word' id='word_1_355' title='bbox 1101 2453 1222 2498; x_wconf 85' lang='lat' dir='ltr'>inter</span> <span class='ocrx_word' id='word_1_356' title='bbox 1263 2452 1421 2498; x_wconf 79' lang='lat' dir='ltr'>duram</span> <span class='ocrx_word' id='word_1_357' title='bbox 1459 2453 1772 2499; x_wconf 80' lang='lat' dir='ltr'>membranam</span> <span class='ocrx_word' id='word_1_358' title='bbox 1812 2455 1854 2498; x_wconf 83' lang='lat'>&amp;</span> <span class='ocrx_word' id='word_1_359' title='bbox 1890 2455 2094 2500; x_wconf 81' lang='lat' dir='ltr'>cranium</span> <span class='ocrx_word' id='word_1_360' title='bbox 2121 2483 2149 2507; x_wconf 60' lang='lat'>2&lt;</span> <span class='ocrx_word' id='word_1_361' title='bbox 2179 2470 2261 2514; x_wconf 82' lang='lat' dir='ltr'>per</span> 
     </span>
    </p>
   </div>
   <div class='ocr_carea' id='block_1_13' title="bbox 192 2512 794 2574">
    <p class='ocr_par' dir='ltr' id='par_1_14' title="bbox 192 2512 794 2574">
     <span class='ocr_line' id='line_1_35' title="bbox 192 2512 794 2574; baseline 0.002 -15"><span class='ocrx_word' id='word_1_362' title='bbox 192 2513 290 2573; x_wconf 77' lang='lat' dir='ltr'>ejus</span> <span class='ocrx_word' id='word_1_363' title='bbox 323 2515 555 2574; x_wconf 78' lang='lat' dir='ltr'>meningis</span> <span class='ocrx_word' id='word_1_364' title='bbox 583 2512 794 2574; x_wconf 81' lang='lat' dir='ltr'>systolen.</span> 
     </span>
    </p>
   </div>
   <div class='ocr_carea' id='block_1_14' title="bbox 155 2596 2260 2787">
    <p class='ocr_par' dir='ltr' id='par_1_15' title="bbox 155 2596 2260 2787">
     <span class='ocr_line' id='line_1_36' title="bbox 318 2596 2258 2653; baseline 0.002 -12"><span class='ocrx_word' id='word_1_365' title='bbox 318 2597 374 2642; x_wconf 89' lang='lat' dir='ltr'>In</span> <span class='ocrx_word' id='word_1_366' title='bbox 404 2597 457 2642; x_wconf 93' lang='lat' dir='ltr'>T.</span> <span class='ocrx_word' id='word_1_367' title='bbox 479 2597 536 2642; x_wconf 82' lang='lat' dir='ltr'>II.</span> <span class='ocrx_word' id='word_1_368' title='bbox 564 2596 654 2642; x_wconf 77' lang='lat' dir='ltr'>diff.</span> <span class='ocrx_word' id='word_1_369' title='bbox 683 2611 720 2643; x_wconf 88' lang='lat'>1.</span> <span class='ocrx_word' id='word_1_370' title='bbox 763 2597 930 2644; x_wconf 82' lang='lat' dir='ltr'>iterum</span> <span class='ocrx_word' id='word_1_371' title='bbox 971 2605 1118 2644; x_wconf 72' lang='lat' dir='ltr'>aerem</span> <span class='ocrx_word' id='word_1_372' title='bbox 1155 2599 1262 2646; x_wconf 72' lang='lat' dir='ltr'>vitae</span> <span class='ocrx_word' id='word_1_373' title='bbox 1299 2601 1338 2645; x_wconf 66' lang='lat'>8(</span> <span class='ocrx_word' id='word_1_374' title='bbox 1365 2600 1524 2646; x_wconf 78' lang='lat' dir='ltr'>mortis</span> <span class='ocrx_word' id='word_1_375' title='bbox 1552 2599 1605 2645; x_wconf 51' lang='lat' dir='ltr'>in*</span> <span class='ocrx_word' id='word_1_376' title='bbox 1637 2599 1910 2646; x_wconf 77' lang='lat' dir='ltr'>animalibus</span> <span class='ocrx_word' id='word_1_377' title='bbox 1939 2598 2111 2646; x_wconf 78' lang='lat' dir='ltr'>causam</span> <span class='ocrx_word' id='word_1_378' title='bbox 2142 2598 2258 2653; x_wconf 64' lang='lat' dir='ltr'>else,</span> 
     </span>
     <span class='ocr_line' id='line_1_37' title="bbox 155 2659 2260 2724; baseline 0.002 -18"><span class='ocrx_word' id='word_1_379' title='bbox 155 2670 165 2676; x_wconf 85' lang='grc'>“’</span> <span class='ocrx_word' id='word_1_380' title='bbox 190 2672 291 2707; x_wconf 89' lang='lat' dir='ltr'>tum</span> <span class='ocrx_word' id='word_1_381' title='bbox 320 2673 474 2706; x_wconf 83' lang='lat' dir='ltr'>motus</span> <span class='ocrx_word' id='word_1_382' title='bbox 504 2663 546 2707; x_wconf 88' lang='lat'>&amp;</span> <span class='ocrx_word' id='word_1_383' title='bbox 570 2659 737 2708; x_wconf 84' lang='lat' dir='ltr'>sensus.</span> <span class='ocrx_word' id='word_1_384' title='bbox 806 2661 929 2708; x_wconf 80' lang='lat' dir='ltr'>Mihi</span> <span class='ocrx_word' id='word_1_385' title='bbox 960 2660 1034 2708; x_wconf 85' lang='lat' dir='ltr'>hic</span> <span class='ocrx_word' id='word_1_386' title='bbox 1071 2665 1222 2723; x_wconf 80' lang='lat' dir='ltr'>aliqu-a</span> <span class='ocrx_word' id='word_1_387' title='bbox 1255 2665 1442 2718; x_wconf 81' lang='lat' dir='ltr'>tribuit,</span> <span class='ocrx_word' id='word_1_388' title='bbox 1486 2680 1587 2724; x_wconf 79' lang='lat' dir='ltr'>quae</span> <span class='ocrx_word' id='word_1_389' title='bbox 1617 2662 1725 2710; x_wconf 73' lang='lat' dir='ltr'>sunt</span> <span class='ocrx_word' id='word_1_390' title='bbox 1751 2662 2100 2711; x_wconf 63' lang='grc' dir='ltr'><strong>ΒΟΕΒΗΑΑἨΙ,</strong></span> <span class='ocrx_word' id='word_1_391' title='bbox 2166 2667 2260 2711; x_wconf 60' lang='grc' dir='ltr'>ΚΕ-</span> 
     </span>
     <span class='ocr_line' id='line_1_38' title="bbox 190 2723 1071 2787; baseline 0.003 -18"><span class='ocrx_word' id='word_1_392' title='bbox 190 2725 317 2783; x_wconf 69' lang='grc' dir='ltr'>Ιίςῃιει</span> <span class='ocrx_word' id='word_1_393' title='bbox 342 2723 434 2770; x_wconf 81' lang='lat' dir='ltr'>fere</span> <span class='ocrx_word' id='word_1_394' title='bbox 456 2726 641 2785; x_wconf 63' lang='lat' dir='ltr'>praefici</span> <span class='ocrx_word' id='word_1_395' title='bbox 669 2724 777 2772; x_wconf 81' lang='lat' dir='ltr'>sunt</span> <span class='ocrx_word' id='word_1_396' title='bbox 801 2728 1071 2787; x_wconf 78' lang='lat' dir='ltr'>argumenti.</span> 
     </span>
    </p>
   </div>
   <div class='ocr_carea' id='block_1_15' title="bbox 190 2807 2260 3064">
    <p class='ocr_par' dir='ltr' id='par_1_16' title="bbox 190 2807 2260 2999">
     <span class='ocr_line' id='line_1_39' title="bbox 322 2807 2260 2871; baseline 0.004 -20"><span class='ocrx_word' id='word_1_397' title='bbox 322 2807 441 2852; x_wconf 91' lang='lat' dir='ltr'>Cum</span> <span class='ocrx_word' id='word_1_398' title='bbox 467 2824 646 2853; x_wconf 81' lang='lat' dir='ltr'>mecum</span> <span class='ocrx_word' id='word_1_399' title='bbox 674 2807 948 2867; x_wconf 81' lang='lat' dir='ltr'>conquestus</span> <span class='ocrx_word' id='word_1_400' title='bbox 976 2807 1029 2855; x_wconf 79' lang='lat' dir='ltr'>fit</span> <span class='ocrx_word' id='word_1_401' title='bbox 1060 2809 1135 2856; x_wconf 85' lang='lat' dir='ltr'>vir</span> <span class='ocrx_word' id='word_1_402' title='bbox 1153 2810 1220 2856; x_wconf 90' lang='lat' dir='ltr'>Cl.</span> <span class='ocrx_word' id='word_1_403' title='bbox 1251 2827 1321 2856; x_wconf 86' lang='lat' dir='ltr'>me</span> <span class='ocrx_word' id='word_1_404' title='bbox 1357 2811 1528 2870; x_wconf 78' lang='lat' dir='ltr'>ali-quas</span> <span class='ocrx_word' id='word_1_405' title='bbox 1555 2811 1652 2870; x_wconf 75' lang='lat' dir='ltr'>ejus</span> <span class='ocrx_word' id='word_1_406' title='bbox 1682 2826 1814 2856; x_wconf 69' lang='lat' dir='ltr'>voces</span> <span class='ocrx_word' id='word_1_407' title='bbox 1841 2811 1888 2856; x_wconf 85' lang='lat' dir='ltr'>in</span> <span class='ocrx_word' id='word_1_408' title='bbox 1917 2826 2085 2867; x_wconf 63' lang='lat' dir='ltr'>magno</span> <span class='ocrx_word' id='word_1_409' title='bbox 2117 2827 2260 2871; x_wconf 77' lang='lat' dir='ltr'>opere’</span> 
     </span>
     <span class='ocr_line' id='line_1_40' title="bbox 191 2865 2249 2934; baseline 0.004 -22"><span class='ocrx_word' id='word_1_410' title='bbox 191 2865 496 2927; x_wconf 78' lang='lat' dir='ltr'>physiologico</span> <span class='ocrx_word' id='word_1_411' title='bbox 529 2872 681 2918; x_wconf 84' lang='lat' dir='ltr'>minus</span> <span class='ocrx_word' id='word_1_412' title='bbox 711 2876 827 2918; x_wconf 66' lang='lat' dir='ltr'>recte</span> <span class='ocrx_word' id='word_1_413' title='bbox 853 2871 1024 2927; x_wconf 83' lang='lat' dir='ltr'>citalse,</span> <span class='ocrx_word' id='word_1_414' title='bbox 1061 2877 1346 2934; x_wconf 80' lang='lat' dir='ltr'>comparavi,</span> <span class='ocrx_word' id='word_1_415' title='bbox 1383 2875 1501 2921; x_wconf 86' lang='lat' dir='ltr'>nihil</span> <span class='ocrx_word' id='word_1_416' title='bbox 1535 2876 1709 2934; x_wconf 75' lang='lat' dir='ltr'>reperi,</span> <span class='ocrx_word' id='word_1_417' title='bbox 1760 2891 1851 2933; x_wconf 85' lang='lat' dir='ltr'>quo</span> <span class='ocrx_word' id='word_1_418' title='bbox 1888 2873 2000 2919; x_wconf 83' lang='lat' dir='ltr'>mihi</span> <span class='ocrx_word' id='word_1_419' title='bbox 2042 2875 2249 2921; x_wconf 78' lang='lat' dir='ltr'>videatur</span> 
     </span>
     <span class='ocr_line' id='line_1_41' title="bbox 190 2929 2247 2999; baseline 0.004 -25"><span class='ocrx_word' id='word_1_420' title='bbox 190 2929 319 2976; x_wconf 81' lang='lat' dir='ltr'>laesus</span> <span class='ocrx_word' id='word_1_421' title='bbox 343 2931 446 2985; x_wconf 84' lang='lat' dir='ltr'>effe,</span> <span class='ocrx_word' id='word_1_422' title='bbox 493 2935 534 2980; x_wconf 67' lang='grc' dir='ltr'>ἃ</span> <span class='ocrx_word' id='word_1_423' title='bbox 563 2933 595 2980; x_wconf 89' lang='lat' dir='ltr'>fi</span> <span class='ocrx_word' id='word_1_424' title='bbox 635 2952 725 2995; x_wconf 78' lang='lat' dir='ltr'>qua</span> <span class='ocrx_word' id='word_1_425' title='bbox 764 2938 860 2997; x_wconf 81' lang='lat' dir='ltr'>ejus</span> <span class='ocrx_word' id='word_1_426' title='bbox 897 2952 1095 2985; x_wconf 81' lang='lat' dir='ltr'>mentem</span> <span class='ocrx_word' id='word_1_427' title='bbox 1128 2955 1230 2986; x_wconf 70' lang='lat' dir='ltr'>non¹</span> <span class='ocrx_word' id='word_1_428' title='bbox 1253 2952 1456 2986; x_wconf 82' lang='lat' dir='ltr'>accurate</span> <span class='ocrx_word' id='word_1_429' title='bbox 1481 2938 1849 2999; x_wconf 68' lang='lat' dir='ltr'>repraesentantia</span> <span class='ocrx_word' id='word_1_430' title='bbox 1880 2938 1977 2986; x_wconf 75' lang='lat' dir='ltr'>dix-i</span> <span class='ocrx_word' id='word_1_431' title='bbox 2000 2972 2018 2992; x_wconf 82' lang='grc'>,.</span> <span class='ocrx_word' id='word_1_432' title='bbox 2066 2939 2119 2984; x_wconf 79' lang='lat' dir='ltr'>de</span> <span class='ocrx_word' id='word_1_433' title='bbox 2155 2956 2247 2998; x_wconf 70' lang='lat' dir='ltr'>quo</span> 
     </span>
    </p>

    <p class='ocr_par' dir='ltr' id='par_1_17' title="bbox 256 2993 2253 3064">
     <span class='ocr_line' id='line_1_42' title="bbox 256 2993 2253 3064; baseline 0.003 -22"><span class='ocrx_word' id='word_1_434' title='bbox 256 2993 403 3052; x_wconf 77' lang='lat' dir='ltr'>(Ribl.</span> <span class='ocrx_word' id='word_1_435' title='bbox 431 3000 566 3046; x_wconf 78' lang='lat' dir='ltr'>Anat.</span> <span class='ocrx_word' id='word_1_436' title='bbox 603 3004 655 3048; x_wconf 83' lang='lat' dir='ltr'>T.</span> <span class='ocrx_word' id='word_1_437' title='bbox 669 2999 766 3056; x_wconf 76' lang='lat' dir='ltr'>ll.)</span> <span class='ocrx_word' id='word_1_438' title='bbox 1349 3005 1389 3051; x_wconf 81' lang='lat' dir='ltr'>E</span> <span class='ocrx_word' id='word_1_439' title='bbox 1408 3020 1431 3049; x_wconf 86' lang='lat' dir='ltr'>e</span> <span class='ocrx_word' id='word_1_440' title='bbox 1465 3019 1488 3048; x_wconf 89' lang='lat' dir='ltr'>e</span> <span class='ocrx_word' id='word_1_441' title='bbox 2063 3003 2253 3064; x_wconf 61' lang='lat' dir='ltr'>quidem</span> 
     </span>
    </p>
   </div>
  </div>
 </body>
</html>
