2531 3394
230 133 319 186 143
574 96 581 99 ’
633 118 767 165 LIB.
808 116 898 161 ιχ.
967 106 1386 158 ANATOMES
1432 105 1916 155 PERFECTIO„

356 253 433 313 EJ.
472 252 539 297 De
554 246 775 309 sanguinis
799 253 914 289 motu
939 238 1144 286 circulari
1175 237 1329 284 Wien
1353 241 1486 295 1728.
1511 232 1594 293 4.*

354 335 431 395 EJ.
469 337 537 379 De
561 328 639 389 usu
661 323 893 373 ventriculi
928 318 986 375 &
1015 321 1302 380 intffinorum
1331 317 1393 365 ib.
1423 322 1558 376 1728.
1591 313 1675 374 4.*

354 416 431 477 EJ.
469 417 537 460 De
566 411 813 458 catameniis
844 404 905 450 ib.
940 413 1075 459 1735.
1110 402 1188 458 4*

356 496 434 556 EJ.
471 499 540 541 De
563 490 784 538 anomaliis
810 482 1006 542 mensium
1040 482 1100 527 ib.
1129 485 1262 538 1736.
1287 478 1369 537 4*
1397 495 1501 526 cum
1528 477 1797 539 appendice,
1840 479 1890 524 in
1923 491 2012 536 qua
2035 476 2089 524 de
2114 474 2282 525 femina

224 562 407 625 agitur,
442 558 516 605 cui
546 553 726 617 sanguis
755 547 1009 596 menstruus
1039 542 1131 591 fere
1158 559 1235 604 per
1255 558 1414 589 omnes
1442 543 1644 603 corporis
1681 557 1817 603 poros
1846 542 2010 602 erupit.

775 700 813 749 §.
845 690 1164 741 DCCCXC.
1264 691 1430 735 Diaria
1463 691 1566 735 anni
1594 698 1730 746 1722.

359 803 412 849 In
435 794 730 859 Philosophicis
765 786 1140 850 Tranfizffi‘ionibus
1165 785 1232 832 M.
1262 785 1494 831 Couzmn
1532 800 1578 830 n.
1607 795 1712 841 372.
1749 783 1922 844 Utique
1957 799 1983 830 a
2013 782 2104 830 bile
2137 780 2286 830 horni-

229 883 345 916 mum
373 883 396 912 a
421 864 539 925 peste
567 857 817 907 occisorum
844 857 895 902 in
912 868 1049 900 venas
1073 849 1282 896 animalis
1309 849 1474 907 injecta
1493 882 1505 901 ‚
1541 847 1673 908 pestis
1703 846 1896 894 lethalis.

359 949 415 994 In
443 946 552 1006 Hist.
583 942 634 989 de
661 937 830 987 l’Acad.
860 935 931 982 des
952 937 1106 982 Scienc.
1131 941 1268 988 1722.
1312 929 1535 989 Reliquiae
1564 927 1683 975 fetus
1704 928 1754 974 in
1779 928 1918 982 tuba,
1947 941 2002 976 ut
2025 939 2226 990 putatur.

357 1029 432 1075 Cl.
457 1027 681 1073 FanmR
715 1020 769 1066 de
788 1017 936 1065 vitulo
958 1013 1155 1075 squamis
1181 1013 1302 1058 tec‘io
1318 1045 1331 1064 ‚
1370 1027 1425 1056 ex
1449 1021 1647 1063 terrore,
1681 1020 1736 1056 ut
1760 1021 1906 1070 putat.

364 1111 422 1157 In
455 1112 574 1156 Ceut.
610 1105 695 1152 IX.
732 1102 828 1148 Aa.
863 1104 976 1148 Nat.
1013 1092 1280 1153 Curiosbrum
1314 1103 1449 1151 1722.
1480 1090 1561 1151 4.*
1617 1095 1875 1152 Hieronymi
1905 1091 2040 1138 LAUB
2072 1106 2155 1139 ren
2187 1090 2290 1140 fini·

228 1177 319 1225 ster
347 1175 530 1235 duplex.

371 1254 464 1314 obs.
488 1260 563 1310 63.
607 1250 803 1297 arenulae
830 1247 877 1293 in
910 1243 1122 1306 glandula
1151 1239 1334 1303 pineali.

366 1341 416 1393 J.
455 1333 612 1395 caspar
634 1334 823 1379 Gmmm
853 1325 1208 1375 haemorrhoides
1239 1323 1289 1368 in
1320 1334 1460 1381 puero
1489 1325 1532 1366 6.
1567 1335 1811 1374 annorum,
1845 1317 1928 1378 obs:
1949 1330 2027 1376 92.

370 1420 446 1479 Ε).
484 1417 534 1463 in
558 1415 654 1461 Αὲἳ.
681 1417 794 1461 Nat.
829 1414 930 1458 Cur.
964 1408 1055 1459 Vol.
1071 1407 1131 1453 II.
1164 1403 1246 1463 obs.
1276 1413 1352 1450 22.
1393 1401 1486 1447 Cor
1513 1413 1667 1448 totum
1693 1418 1772 1462 per
1798 1399 2171 1463 suppurationem
2189 1407 2298 1448 con-¹

237 1485 452 1535 sumtum.

367 1567 424 1613 In
449 1567 564 1611 Cent.
577 1562 639 1608 X.
669 1575 762 1606 una
785 1557 906 1603 edita
930 1554 1110 1602 Andreae
1131 1553 1316 1599 P1zLER
1348 1548 1521 1595 arteriae
1545 1548 1666 1608 carpi
1687 1548 1787 1593 loco
1814 1547 1963 1594 alieno
1980 1544 2087 1599 sitae,
2125 1544 2206 1604 obs?
2218 1557 2296 1604 42.

367 1649 425 1694 In
451 1650 565 1694 Ceut.
585 1643 669 1690 XI.
684 1640 764 1700 obſs
782 1652 858 1698 49.
878 1642 924 1692 J.
949 1634 1150 1684 Burlmrd
1174 1635 1424 1680 MonNG
1440 1630 1493 1676 de
1508 1643 1640 1689 partu
1654 1631 1938 1676 ORTHIANO
1961 1634 2036 1686 46.
2054 1643 2297 1674 annorum.

376 1729 433 1776 In
456 1725 589 1775 Bresl.
620 1722 789 1771 Samml.
820 1717 994 1776 Verfnch
1015 1717 1149 1764 XIX.
1176 1727 1331 1761 tumor
1354 1711 1610 1760 abdominis
1634 1709 1832 1766 feminee,
1868 1711 2296 1772 virginemyocant,

242 1798 294 1845 in
320 1811 414 1856 quo
444 1792 627 1843 dentes,
660 1785 748 1833 offa
777 1787 817 1831 &
844 1784 1035 1830 crines.-

375 1875 539 1933 Aliqua
561 1870 614 1916 de
644 1865 994 1915 manducatione
1020 1874 1323 1909 mortuorum.

375 1959 564 2005 Cornua
589 1949 891 2011 multiplicata
914 1947 968 1993 de
992 1945 1145 1992 cranio
1168 1944 1304 1990 cervi.

377 2041 448 2087 De
473 2035 660 2083 homine
690 2032 879 2094 pedibus
909 2027 1149 2080 destituto,
1185 2025 1292 2086 agili
1323 2026 1365 2071 &
1398 2019 1650 2085 ingenioso.

381 2121 530 2180 Virgo
559 2114 862 2162 nociambula.

380 2197 640 2250 Monstrum
667 2213 722 2241 ex
755 2193 964 2241 connatis
991 2191 1179 2254 gliribus
1207 2186 1475 2236 coalescens.
1543 2183 1765 2233 Fabulosa
1798 2185 1963 2245 aliqua.

377 2278 565 2341 Aliquid
594 2278 710 2338 parti
735 2276 940 2323 animalis
971 2272 1108 2319 [imile
1141 2288 1195 2318 ex
1221 2274 1343 2318 recto
1371 2271 1478 2331 galli
1502 2267 1715 2321 intestino
1747 2266 1937 2313 editum.

382 2364 517 2410 Fet-us
541 2376 566 2405 a
591 2371 736 2404 morte
760 2358 914 2403 matris
943 2356 995 2401 in
1013 2355 1132 2401 uteri
1158 2352 1323 2398 ostium
1357 2352 1522 2398 nitens.

386 2438 568 2501 Versuch
590 2440 700 2486 XX.
733 2437 853 2485 fetus
883 2437 1025 2497 capite
1055 2434 1298 2481 destitutus
1327 2444 1425 2480 tum
1450 2434 1629 2494 Ρεᾶοῐε
1660 2428 1960 2491 brachiisque.

390 2519 568 2582 Versuch
593 2520 731 2567 XXI.
766 2517 871 2564 alita
901 2533 976 2577 per
1004 2529 1078 2575 25.
1105 2513 1296 2562 menses.

385 2608 548 2658 Ovum
575 2618 664 2648 ovo
689 2614 941 2661 praegnans.
1238 2592 1251 2603 ”

388 2687 544 2734 Pullus
571 2683 842 2744 gallinaceus
867 2678 1056 2738 pedibus
1080 2680 1290 2727 anatinis.

392 2768 558 2814 Cancri
579 2764 840 2811 titillatione
870 2776 973 2806 vere
1002 2758 1162 2818 sopiti,
1197 2762 1331 2806 etiam
1361 2758 1393 2806 fi
1421 2758 1507 2806 diis
1540 2760 1710 2819 placet,
1746 2759 1995 2806 stertentes.

388 2848 571 2895 Fabulae
604 2846 656 2891 de
681 2840 975 2894 hominibus,
1013 2856 1128 2899 quos
1154 2840 1305 2886 bestiae
1336 2841 1609 2900 pepererint.

392 2925 567 2988 Verfiaech
593 2926 748 2974 XXII.
790 2939 876 2972 ova
900 2922 1177 2984 praegnantia
1200 2921 1401 2968 caudata.

2158 3000 2315 3048 Puella
