2531 3394
244 122 341 185 '430
660 119 796 170 1:113.
845 122 935 170 IX.
1003 113 1414 168 ANATOMES
1464 116 1904 172 PERFECTIO.

250 253 416 314 quibus
446 250 584 315 hepar
615 252 787 300 dicium
820 250 881 299 est
906 249 1117 314 constare.
1190 247 1391 296 Laminae
1424 247 1524 295 duae
1552 249 1788 311 ligamenti
1811 248 2080 312 suspensorii
2113 252 2307 316 hepatis.

249 318 306 364 In
336 318 459 364 oculi
497 334 660 375 cornea
688 320 844 370 tunica
878 329 970 362 rete
1007 314 1224 360 fibrarum
1252 311 1590 374 angulosarum.
1662 315 1718 359 ln
1741 312 2002 363 cliorioidea
2023 320 2180 367 tunica
2211 317 2316 366 vasa

249 383 498 443 pellucida,
535 395 731 442 quorum
759 382 906 441 aliqua
936 379 1130 424 retinam
1159 377 1331 423 adeunt
1361 380 1402 424 &
1435 394 1598 438 corpus
1638 377 1851 425 vitreum.
1947 380 2065 428 Vasa
2098 399 2153 428 ex
2188 399 2317 429 uveae
2386 412 2399 414 -

252 447 421 492 circulo
447 444 663 493 arterioso
695 446 750 492 ad
785 445 1002 505 pupillam
1043 442 1291 488 tendentia.
1383 440 1500 488 Vasa
1534 440 1812 501 lymphatica
1843 441 2010 489 venosa
2049 461 2104 490 ex
2134 445 2313 506 capsula

251 511 386 557 lentis
409 509 674 571 crystallinae
702 512 742 556 ἃ
768 511 914 556 vitreo
936 522 1122 566 corpore
1146 505 1450 553 advenientia.
1498 507 1644 552 Fibrae
1676 507 1811 552 lentis
1835 506 2100 566 crystallinae
2125 508 2316 557 sollicite

253 575 398 620 dictae.
481 576 599 622 Gelu
630 573 877 620 distendere
907 586 1071 630 corpus
1104 571 1329 623 vitreum,
1365 571 1407 616 &
1444 586 1665 617 cameram
1709 571 1829 617 oculi
1869 572 2142 619 anteriorem
2172 589 2314 636 angu-

253 637 433 685 stiorem
454 639 636 684 reddere
658 640 738 684 &a

381 721 437 767 In
461 721 603 780 prima
633 729 759 779 parte
783 717 1131 775 miscellcmeorum
1142 716 1359 777 societath
1371 720 1560 777 privatae
1589 714 1928 764 observationes
1957 715 2058 764 suas
2098 715 2235 765 habet
2266 717 2320 767 de

257 785 521 845 corporibus
554 783 713 835 luteis,
744 797 843 841 quae
866 793 998 840 putat
1019 783 1068 827 in
1093 780 1282 826 homine
1308 794 1413 828 ante
1442 781 1642 835 coitum,
1681 782 1815 827 etiam
1840 782 1890 828 in
1916 782 2172 843 virginibus
2193 798 2346 844 repe-2

256 849 351 895 riri.
421 849 570 895 Multa
593 845 667 893 hic
690 845 909 892 memoria
940 845 1076 907 digna
1104 843 1294 906 profert.

951 973 996 1032 ς.
1030 974 1361 1024 MXCVIIL
1470 977 1608 1023 Varii.

386 1079 432 1132 J.
470 1078 669 1138 Franfois
703 1074 886 1124 Clement
912 1074 1183 1127 MORAND,
1219 1073 1547 1120 SALVATORIS
1574 1069 1666 1126 fil„
1706 1074 1902 1135 Question
1929 1071 1980 1120 de
2012 1073 2221 1122 medecine
2242 1074 2325 1136 fitr

261 1141 317 1188 les
344 1139 708 1203 hermaphrodites
735 1139 858 1186 Paris
881 1144 1018 1196 1748.

387 1224 460 1284 EJ.
500 1225 541 1269 ἃ
560 1221 688 1269 Pauli
708 1221 745 1266 le
764 1222 877 1269 ROY
909 1224 956 1267 E.
983 1223 1028 1266 in
1048 1231 1223 1280 corpore
1233 1218 1478 1282 fluidarum
1506 1230 1679 1266 tantum
1698 1223 1898 1282 partium
1922 1219 2057 1268 datur
2081 1219 2324 1284 deperditio

261 1284 321 1343 ἐξ
347 1290 568 1349 reparatio
602 1283 736 1332 Paris.
757 1297 890 1343 1751.
916 1285 994 1343 4*

390 1369 465 1429 EJ.
501 1370 689 1429 Histoire
720 1366 772 1413 de
801 1367 844 1417 la
865 1365 1049 1412 nmladie
1067 1364 1296 1426 finguliere
1322 1363 1381 1422 ἓξ
1404 1364 1456 1412 de
1486 1365 1690 1412 l'examen
1718 1364 1777 1411 du
1807 1365 1997 1413 cadavre
2027 1366 2154 1414 d’zme
2166 1366 2326 1428 femme

264 1434 447 1480 devenue
472 1450 520 1478 en
533 1445 619 1494 peu
646 1431 696 1478 de
715 1442 820 1477 tems
845 1442 961 1477 toute
981 1430 1234 1488 contrefaite
1249 1444 1337 1492 par
1364 1447 1420 1476 zm
1445 1428 1780 1490 ramolliffiment
1802 1431 1979 1491 general
2012 1431 2082 1476 des
2109 1447 2152 1478 os
2197 1431 2324 1477 Paris

267 1508 402 1555 1752.
437 1498 540 1543 12.*
579 1503 715 1554 1764.
742 1506 813 1541 12.
881 1494 983 1541 Post
1009 1492 1220 1555 gypscam
1248 1495 1481 1541 materiem
1509 1510 1587 1555 per
1618 1496 1783 1540 lotium
1819 1493 2010 1556 egestam
2046 1494 2202 1541 onmia
2236 1492 2326 1541 offa

261 1561 430 1623 ipsique
457 1561 615 1607 dentes
638 1559 854 1612 emolliti,
888 1574 1051 1619 corpus
1078 1561 1384 1606 contractum.
1671 1588 1673 1590 -

390 1644 461 1690 De
483 1642 638 1689 eadem
669 1642 856 1689 muliere
885 1642 936 1688 in
955 1644 1087 1687 Asdffn.
1112 1639 1163 1687 de
1187 1640 1358 1687 l'Acad.
1384 1652 1520 1699 1753.

392 1725 564 1771 Iterum
594 1726 648 1770 de
680 1723 836 1770 eadem
865 1724 992 1769 lettre
1017 1725 1041 1768 A
1065 1727 1160 1769 Mr.
1189 1722 1228 1768 le
1250 1724 1345 1769 R01
1368 1722 1451 1782 sur
1478 1721 1674 1784 l’laistoire
1701 1721 1753 1769 de
1772 1722 1817 1768 lte
1837 1721 1993 1785 ⁸fimum?
2022 1724 2170 1786 Supiot
2198 1721 2325 1769 Paris

268 1800 402 1849 1755.
438 1787 544 1835 12.*
579 1792 804 1835 Anatome
830 1785 991 1833 offium
1017 1788 1325 1834 emollitorum
1354 1802 1432 1846 per
1459 1785 1646 1847 singula.

395 1871 469 1931 EJ.
509 1870 685 1916 Recueil
710 1883 825 1931 pour
855 1869 1004 1929 servir
1031 1868 1420 1929 d'eclairczssenient
1441 1868 1612 1914 detaille‘
1625 1868 1705 1927 fiir
1735 1869 1778 1915 la
1803 1867 1988 1914 maladie
2016 1867 2068 1914 de
2097 1868 2139 1914 la
2153 1867 2244 1931 fille
2278 1867 2333 1914 de

269 1937 333 1982 St.
364 1934 528 1993 Geofine
560 1936 681 1981 Paris
703 1946 838 1992 1754.
871 1936 975 1979 123*
1040 1932 1349 1978 Fraudulenta
1376 1931 1563 1978 historia
1590 1933 1752 1993 puellae
1783 1934 1977 1979 calculos
2008 1933 2252 1979 vomentis.

394 2017 468 2076 EJ.
506 2020 553 2063 E.
581 2034 633 2062 ex
657 2014 841 2062 heroibus
864 2013 1005 2062 heroes
1038 2014 1205 2074 Nancy
1228 2026 1362 2073 1757.
1386 2012 1466 2073 4*
1500 2015 1570 2060 De
1597 2014 1892 2065 varietatibus
1924 2014 2125 2074 antiquis
2148 2015 2189 2059 &
2217 2028 2330 2058 con-

267 2079 486 2127 stantibus
510 2079 701 2126 humani
721 2081 911 2141 generis.

397 2163 452 2209 In
468 2165 598 2208 Me'm.
627 2161 679 2207 de
702 2160 876 2212 mmai,
901 2160 974 2207 des
999 2163 1061 2207 Sc.
1091 2171 1226 2218 1759.
1295 2158 1566 2220 De'thymo.
1634 2160 1875 2220 Duplicem
1902 2158 2037 2204 etiam
2057 2156 2191 2210 facit,
2219 2155 2331 2203 meis

267 2241 365 2273 non
386 2223 505 2272 visis.
574 2227 770 2272 Cellulas
795 2224 984 2277 habere,
1021 2225 1213 2283 imquas
1241 2221 1399 2271 succus
1424 2226 1592 2271 lacteus
1617 2224 1672 2270 de
1701 2223 1875 2271 arteriis
1904 2219 2194 2275 effundatur,
2228 2236 2332 2282 por-

268 2306 410 2351 roque
435 2306 512 2350 per
540 2287 645 2336 vasa
671 2287 941 2349 lymphatica
965 2287 1199 2334 avehatur.

396 2375 530 2418 Me'm.
567 2369 618 2417 de
642 2377 777 2429 1764.
811 2370 864 2416 de
885 2371 971 2416 alia
996 2367 1165 2415 femina
1187 2367 1357 2416 ossibus
1388 2367 1771 2417 mollescentibus.

400 2453 457 2500 In
482 2453 590 2512 Hzst.
623 2451 683 2498 ib.
715 2451 769 2497 de
792 2451 1025 2497 nonnullis
1048 2450 1275 2504 monstris,
1312 2451 1525 2497 breviter.

401 2532 600 2590 Joachfflz
633 2533 797 2579 Daniel
818 2534 1029 2585 MEYER,
1066 2532 1252 2591 pictoris
1281 2530 1652 2593 Noribcrgenfis,
1692 2530 1982 2594 Retrachtzmg
2005 2529 2190 2589 curibsbr
2228 2534 2332 2580 Ver-

260 2595 722 2663 stellzcngenallerhand
736 2593 1029 2647 kriechender,
1055 2596 1294 2656 fliegender
1315 2597 1406 2642 und
1421 2595 1775 2655 schwirnmender
1796 2594 1960 2649 Thiere‚
1989 2597 2054 2641 als
2081 2597 2186 2640 auch
2212 2592 2332 2640 ihrer

273 2663 462 2715 Soelezoe,
485 2662 591 2709 T.1.
627 2661 869 2720 Noriberg.
891 2665 1024 2717 1748.
1046 2658 1159 2704 f01.*
1195 2661 1324 2710 T.11.
1347 2672 1482 2718 1752.
1503 2658 1618 2706 fol.*
1654 2661 1709 2706 T.
1729 2660 1809 2707 ΙΙΙ.
1835 2666 1965 2717 1756.
1992 2657 2103 2704 fol*
2137 2656 2220 2702 ista
2236 2655 2330 2703 fere

273 2744 329 2773 ex
359 2729 498 2774 SEBA.
566 2725 848 2784 Praecipuum
875 2723 1069 2781 pretium
1094 2721 1155 2768 est
1176 2721 1442 2769 sceletorum
1460 2758 1472 2776 ,
1509 2739 1606 2769 non
1636 2724 1816 2782 quidem
1843 2722 2002 2775 nitide,
2030 2719 2105 2766 sed
2135 2718 2331 2767 fideliter

273 2803 423 2837 tamen
448 2787 760 2849 expressarum.
827 2784 1019 2833 Piscium
1043 2784 1229 2831 scelctos
1253 2787 1488 2846 aliquanto
1509 2789 1661 2833 malles
1683 2786 1934 2832 distinctius
1952 2781 2186 2844 expressas,
2219 2786 2260 2830 &
2276 2782 2330 2830 si-

274 2855 466 2900 miarum
483 2855 617 2914 paulo
642 2850 926 2913 grandiorem
947 2848 1154 2895 formam.
1224 2849 1324 2896 Ursi
1356 2849 1561 2903 sceletus‚
1598 2861 1757 2909 praeter
1783 2860 1943 2910 caput,
1961 2847 2175 2894 humanae
2195 2846 2331 2895 ssmil-

277 2918 382 2963 lima
411 2917 484 2963 est.
552 2916 849 2964 Intercedunt
878 2914 1047 2963 rariora
1063 2912 1226 2970 aliqua.
1298 2913 1491 2960 Gallinae
1510 2912 1723 2959 sceletum
1751 2911 1882 2958 rubia
1909 2913 2096 2958 tinctam
2125 2920 2330 2958 commu-

276 2980 428 3029 nicavi
451 2997 553 3028 cum
581 2982 801 3029 MEYERO
815 2998 829 3033 3
877 2979 1009 3026 aliam
1021 2977 1268 3025 TREWIUS
1288 2974 1426 3025 dedit.
1493 2977 1683 3024 Vitulus
1705 2977 1921 3037 biceps&
1944 2974 2082 3038 sepes.
2149 2975 2331 3025 Hoedus

2221 3053 2332 3099 qua-
