2531 3394
268 86 368 139 690
620 83 624 88 '
666 79 953 155 21341X.
1020 75 1432 137 ANAT‘OMES
1490 76 1938 143 PERFECTIO.

277 222 337 257 tae
364 206 542 255 musicae
564 207 853 263 adscendant,
893 211 935 256 &
961 207 1213 255 intervallis
1243 217 1379 252 tonos
1406 202 1510 251 suos
1542 196 1815 266 distinguere
1848 207 2049 254 nimium
2079 204 2336 257 subtilibus.

282 272 471 333 Aliquas¹
490 284 643 319 tamen
665 274 819 321 avium
841 275 1084 321 cantilenas
1109 271 1231 316 notis
1250 265 1427 315 musicis
1453 269 1523 315 vir
1547 269 1647 315 ILL.
1677 269 1902 329 exprimit.

413 354 615 407 Medical,
631 350 1137 415 tranfifflionspuhlished
1150 351 1201 410 by
1225 348 1294 396 the
1308 351 1454 411 college
1475 349 1526 411 of
1527 348 1762 412 physicians
1774 350 1831 396 T.
1849 351 1905 396 ΙΙ.
1939 352 2084 398 Lond.
2105 366 2239 412 1772.
2259 352 2339 407 8.*

279 419 538 468 <Guilielmus
563 420 846 467 HEBERDEN
883 420 935 463 de
959 414 1170 477 pulsuum
1197 413 1466 474 frequentia.
1536 412 1730 460 Infantis
1751 413 2019 461 dormientis
2044 416 2197 474 pulsus
2218 416 2339 465 ‘sunt

283 496 391 541 140.
424 484 466 529 &
490 484 636 542 primo
659 499 781 530 anno
812 498 910 528 non
936 478 1054 526 infra
1087 484 1173 531 108
1194 512 1205 531 ,
1238 479 1288 523 in
1318 476 1439 523 febre
1461 477 1515 523 ad
1545 484 1631 536 158
1667 479 1707 524 &
1735 477 1785 523 in
1807 477 1966 524 adult-o
1993 478 2050 524 ad
2082 492 2201 537 150,
2239 498 2337 528 non

282 559 439 593 tamen
461 558 514 593 ut
543 544 746 593 funestus
773 556 961 592 eventus
989 542 1056 589 fit.
1124 543 1180 587 ln
1216 539 1338 587 febre
1373 541 1569 600 maligna
1604 554 1757 587 tamen
1792 539 1837 587 se
1874 548 1962 595 180
1991 540 2144 602 pulsus
2182 559 2341 590 nume-

281 609 420 663 raffe,
459 627 606 670 neque
644 608 815 656 evafiffe
855 609 1000 653 ullum
1030 616 1253 666 aegrotum
1274 639 1285 657 ,
1332 605 1405 650 cui
1438 619 1526 651 120
1563 603 1747 651 fuerint.
1816 606 1929 651 Non
1963 617 2095 665 putat
2127 605 2340 666 pulsuum

279 690 526 721 numerum
550 672 668 720 infra
688 686 751 732 40
772 672 925 718 reduci
947 668 1080 730 posse.
1150 673 1188 715 A
1221 668 1453 714 doloribus
1479 669 1637 714 calculi
1675 666 1853 729 pulsum
1884 685 1981 714 non
2010 670 2179 730 augeri.

415 753 716 863 IDEMshepar
744 751 874 799 sensu
905 769 1065 799 carere.
1136 753 1223 798 Lac
1242 768 1266 797 a
1289 751 1378 797 bile
1405 762 1578 797 retenta
1597 766 1693 796 non
1721 751 1851 811 tingi.
1922 752 1977 797 In
2002 750 2177 797 morbis
2205 751 2339 798 bilem

284 835 386 866 non
415 832 547 880 putre
571 835 680 864 cere.

412 900 547 1008 IrliEM
581 897 812 959 sanguinis
836 896 1027 944 crustam
1057 896 1457 944 inflammatoriam
1486 893 1601 941 nihil
1620 911 1705 942 nos
1731 894 1904 942 docere.
1972 895 2227 942 Tendinem
2247 911 2343 943 non

281 974 446 1012 econtra
462 978 512 1009 u.

287 1108 318 1155 s
391 1049 558 1154 sGeorg
583 1044 753 1090 BAKER
782 1042 836 1090 de
867 1043 992 1095 virO,
1030 1042 1109 1101 qui
1132 1040 1208 1087 sex
1231 1039 1460 1088 mensibus
1488 1050 1599 1101 potu
1623 1039 1840 1086 abstinuit
1856 1059 1870 1092 3
1902 1041 1943 1086 ei
1966 1038 2144 1086 homini
2162 1052 2220 1098 45
2244 1042 2344 1101 pul-

312 1126 364 1156 us
413 1120 511 1154 unt.

300 1245 303 1246 ⁷
415 1189 457 1250 J.
482 1188 686 1236 COLLET
716 1187 769 1234 de
793 1186 1116 1247 hydatidibus3
1160 1186 1382 1247 organicae
1402 1183 1510 1231 sunt
1541 1185 1590 1231 in
1618 1186 1774 1232 ovatio
1805 1187 1846 1232 &
1876 1184 1984 1231 alibi
2017 1184 2123 1232 visae
2141 1219 2154 1239 ,
2198 1188 2239 1233 ὃς
2268 1185 2345 1233 he-

284 1253 445 1317 paticae
473 1253 586 1305 aliae,
624 1250 758 1297 craffo
788 1252 1049 1301 involucro,

415 1335 474 1383 ln
501 1335 610 1395 Ηὶβ.
644 1331 701 1389 ἐξ
728 1337 862 1379 Mem.
889 1332 941 1379 de
965 1330 1139 1378 l’Acad.
1168 1330 1239 1378 des
1260 1334 1449 1378 Sciences
1480 1312 1615 1388 1772.

416 1418 608 1464 PmsoN
641 1413 760 1461 fetus
784 1413 965 1460 cerebro
999 1416 1040 1460 &
1074 1413 1293 1459 cerebello
1321 1412 1586 1464 destitutus,
1624 1413 1666 1457 &
1689 1412 1813 1472 galea
1835 1413 2014 1465 cranii3
2051 1429 2132 1474 pro
2164 1413 2347 1461 cerebro

288 1482 466 1530 cellulae
498 1478 689 1526 humore
713 1480 872 1538 plenae.
941 1477 1088 1524 Nervi
1110 1477 1289 1537 exigui,
1324 1479 1365 1523 ἃ
1396 1492 1555 1521 eorum
1581 1491 1682 1535 pars
1705 1475 1938 1523 destructa.

418 1566 465 1616 J.
482 1565 586 1621 Jaq.
610 1560 813 1606 PERRET
828 1560 1057 1605 cultorum
1080 1560 1122 1605 &
1144 1557 1554 1604 instrumentorum
1582 1555 1942 1617 chirurgicorum
1964 1556 2152 1611 artifex,
2182 1559 2235 1605 de
2265 1558 2349 1606 fele

293 1641 440 1685 nuper
469 1636 600 1676 nata,
643 1624 717 1669 cui
739 1623 965 1682 palpebrae
999 1638 1094 1668 non
1134 1620 1421 1667 discedebant
1441 1655 1453 1674 ,
1477 1636 1601 1680 “quas
1629 1619 1721 1680 ipse
1753 1623 1942 1681 aperuit.
2030 1624 2202 1674 Mater,
2251 1640 2350 1683 quac

287 1688 521 1738 infelicem
553 1688 755 1734 catulum
780 1687 1064 1747 neglexerat,
1102 1684 1308 1731 sanatum
1334 1687 1461 1732 aluit.

421 1770 496 1829 EJ.
547 1771 636 1814 Art
664 1767 723 1813 dn
755 1768 964 1815 Coutelier
985 1767 1161 1826 seconde
1178 1771 1328 1828 partie
1351 1767 1452 1814 Sefefl
1479 1778 1522 1813 2..
1559 1768 1680 1813 Paris
1705 1777 1839 1823 1772.
1911 1765 2216 1813 Instrumenta
2244 1784 2349 1814 ana-

294 1834 464 1882 tomica
480 1867 492 1886 ,
529 1832 773 1892 peculiares
799 1832 1083 1884 nevrotomi,
1118 1831 1229 1876 rude
1255 1830 1607 1876 instrumentum
1630 1830 1685 1875 ad
1713 1829 2005 1891 aperiendum
2026 1831 2237 1884 cadaver,
2273 1844 2347 1878 tu-

290 1899 396 1949 buli
421 1894 671 1948 craffiores,
710 1910 856 1954 neque
880 1895 987 1947 ulli,
1025 1895 1105 1954 qui
1130 1894 1461 1954 hydrargyrum
1484 1894 1720 1954 recipiant.

295 2027 373 2091 {1²
408 1974 649 2086 'Marciqigt
652 1975 702 2022 de
725 1977 1113 2024 COURTENVAUX
1149 1975 1203 2021 de
1235 1991 1379 2021 cornu
1413 1974 1527 2021 duro
1556 1972 1715 2020 sensim
1741 1991 1795 2021 ex
1824 1972 1935 2021 facie
1955 1975 2119 2021 vetulae
2138 1973 2348 2030 subnato,

321 2059 342 2089 c
363 2053 489 2089 ici-ter
512 2057 559 2086 re
584 2057 604 2085 e
654 2057 696 2086 o.

430 2122 634 2170 Maxima
658 2121 786 2181 copia
810 2138 939 2182 aquae
961 2137 1085 2182 purae
1107 2119 1161 2166 de
1187 2136 1381 2166 mamma
1403 2137 1618 2175 manans,
1649 2122 1690 2167 &
1712 2121 1914 2181 exempla
1936 2121 2086 2180 aliqua
2113 2120 2318 2182 analoga.

431 2204 489 2251 In
516 2201 707 2258 Journal
730 2201 780 2247 de
807 2202 1028 2249 Medecine
1051 2202 1188 2248 Tom.
1212 2202 1470 2258 XXXVII.

433 2285 706 2332 PLAZANET
740 2283 797 2328 de
819 2281 939 2337 fetu,
978 2285 1108 2342 cujus
1135 2294 1270 2342 caput
1291 2282 1492 2329 humeris
1515 2282 1834 2335 incumbebat,
1868 2284 1990 2343 galea
2017 2283 2158 2328 cranii
2188 2281 2354 2330 deside-

299 2352 500 2400 affabatur.
565 2348 856 2406 Tympanum
882 2363 985 2393 cum
1009 2345 1202 2392 officulis
1232 2346 1414 2393 auditus
1450 2347 1634 2406 paulum
1656 2359 1938 2405 corruptum.
2007 2347 2205 2400 Cerebri,
2237 2363 2356 2393 cere-

302 2416 438 2467 belli,
487 2410 696 2457 medullae
737 2411 990 2469 oblongatae
1025 2427 1083 2456 ne
1114 2409 1351 2471 vestigium
1377 2410 1575 2470 quidem.
1644 2411 1847 2457 Medulla
1877 2408 2059 2470 spinalis
2088 2411 2239 2464 nulla,
2283 2427 2357 2458 co-
2390 2428 2394 2431 *

304 2478 464 2527 ‘lumna
490 2473 754 2522 vertebralis
782 2473 952 2519 vitiata.

435 2558 684 2607 PIETSCH,
720 2552 952 2600 funiculus
979 2554 1250 2601 umbilicalis
1279 2556 1473 2616 margini
1494 2557 1710 2617 placentae
1737 2552 1954 2608 insertus,
1991 2571 2040 2601 ea
2068 2556 2270 2616 placenta
2305 2554 2356 2600 in

305 2633 443 2685 partu
466 2620 520 2666 ab
553 2631 681 2664 utero
705 2616 914 2664 facillime
938 2615 1120 2662 seceffit.

432 2702 855 2751 GmLHELMOND,
893 2697 1076 2757 quando
1103 2699 1239 2744 unica
1265 2698 1449 2746 videtur
1480 2701 1774 2761 gemellorum
1810 2699 1985 2745 amnios
2012 2696 2118 2752 effe,
2154 2714 2258 2745 vere
2293 2709 2357 2746 ta-

304 2781 417 2814 men
438 2765 541 2810 duae
564 2762 697 2816 sunt,
732 2761 859 2823 septo
890 2761 1119 2807 distinciae.

439 2847 495 2892 T.
509 2842 788 2892 XXXVIII.
826 2844 1089 2892 AMOREUX
1122 2853 1279 2888 contra
1301 2859 1448 2890 novos
1462 2844 1699 2890 Gallorum
1727 2840 1898 2904 pulsus.
1965 2844 2132 2892 Sexum
2163 2840 2283 2892 fetus
2308 2843 2360 2891 in

314 2920 449 2960 eutero
472 2909 653 2957 latentis
677 2924 732 2955 ex
753 2905 891 2970 pulsu
916 2922 1014 2955 non
1033 2903 1153 2968 poffe
1176 2905 1386 2957 divinari.
1452 2909 1526 2957 An
1544 2909 1680 2956 IDEM
1708 2924 1750 2969 p.
1768 2912 1875 2961 680.

2230 2972 2362 3019 Bou-
