2531 3394
243 126 339 184 '¹44
629 120 765 172 1113.
817 123 912 175 lx,
987 115 1407 170 'ANATOMES
1462 105 1911 168 PERFECTfo.

250 251 338 298 Pro
367 247 597 312 spiritibus
629 252 916 299 animalibus.
1008 250 1102 296 Cur
1127 246 1308 296 diverfis
1341 248 1389 294 in
1424 247 1534 294 colis
1565 246 1725 294 diversi
1751 243 1964 294 humores
1993 247 2047 295 de
2081 247 2299 311 sanguine

250 312 472 363 secedant.
539 318 790 363 Plurimum
820 316 984 362 tribuit
1010 326 1186 360 naturae
1211 314 1535 373 particularum
1561 310 1727 373 inipso
1753 310 2086 373 jamsangfuine
2111 312 2214 362 sua,
2249 325 2302 360 ut

250 378 475 427 fluiditate
511 382 707 428 maxima
744 381 989 427 minimave
1023 378 1222 438 praeditae
1249 375 1350 427 sint.
1387 422 1391 424 ,
1428 377 1664 424 Diametro
1688 376 1824 425 etiarn
1845 377 2165 437 particularum
2187 379 2304 424 mul-

252 452 352 488 tum
379 445 552 491 tribuit.
620 446 934 505 Interponitur
961 444 1220 488 LEIBNITH
1255 441 1464 501 epistola,
1517 458 1617 501 quae
1642 440 1913 487 adtractioni
1943 440 1999 487 ad
2024 439 2183 488 ssmiles
2205 458 2302 502 par-

250 507 412 554 ticulas
444 507 577 556 favet.
644 510 754 554 Haec
778 508 969 567 primam
990 517 1160 565 partem
1186 506 1332 564 operis
1360 501 1580 559 efficiunt,
1621 521 1757 565 quam
1781 504 1908 556 nulla
1934 505 2026 550 alia
2046 503 2196 552 secuta
2223 505 2300 552 est.

378 592 482 637 Una
511 588 680 649 excusae
703 588 837 641 sunt,
874 599 964 634 tres
990 602 1100 646 quas
1127 585 1251 639 dixi,
1286 584 1494 640 Jolmnmis
1515 588 1818 634 BERNOULLI
1851 574 2192 634 dissertationes.

376 672 489 719 Inde
503 673 844 719 MicHEtoT‘ri
864 669 914 714 in
929 667 1095 715 Keltn
1114 667 1167 713 de
1182 680 1312 714 motu
1326 666 1568 715 musculari
1584 666 1855 729 hypothesm
1877 666 2301 725 animadversiones.

379 755 552 814 EJUSD.
590 752 648 798 ad
670 750 719 799 B.
742 753 1157 801 FONTENELLIUM
1183 749 1350 810 epistola
1374 766 1459 809 qua
1482 756 1556 796 αέν
1582 751 1796 810 pulmones
1826 749 2004 812 influens
2035 761 2210 810 cogatne
2246 766 2303 795 an

239 817 388 876 ffilvat
402 817 652 877 sangninem
690 832 833 861 eorum
868 814 1035 860 canales
1062 825 1351 874 permeantem
1389 817 1628 872 inquiritur
1660 813 1794 860 Paris.
1820 824 1955 872 1724.
1981 811 2064 872 4*
2130 812 2306 859 Contra

249 882 563 927 HELVETJUM
585 915 597 933 ,
635 881 713 938 qui
739 877 1003 935 sanguinem
1027 879 1077 923 111
1101 879 1316 936 pulmone
1345 877 1447 936 cogi
1476 876 1692 922 docuerat
1721 879 1762 923 &
1786 876 1976 923 densari.
2044 877 2195 937 Negat
2220 876 2306 922 hu-

244 959 403 989 manos
418 943 628 990 humores
644 959 801 989 omnes
816 942 870 989 ab
883 949 981 988 aere
997 940 1098 1002 cogi
1117 959 1127 986 ε
1166 952 1301 1000 negat
1316 938 1583 987 densitatem
1603 941 1654 987 in
1668 938 1888 1001 sanguine
1902 942 2116 987 ruborem
2131 940 2299 987 facere:

253 1007 307 1052 ab
341 1008 453 1054 aeris
484 1006 660 1054 defectu
694 1008 830 1053 imam
874 1017 1044 1066 partem
1085 1005 1234 1066 grumi
1263 1002 1500 1065 sanguinei
1532 1006 1664 1051 docet
1696 1003 1959 1065 nigrescere.
2029 1006 2304 1065 Sanguinem

249 1070 515 1118 arteriosum
531 1069 699 1118 venoso
728 1069 807 1116 effe
828 1068 1093 1115 densiorem.
1161 1069 1207 1115 V
1210 1084 1339 1114 enam
1355 1070 1662 1128 pulmonalem
1682 1068 1906 1114 minorem
1929 1064 2090 1113 faciam
2117 1067 2197 1113 effe
2221 1084 2303 1127 pu-

249 1147 344 1187 tat,
379 1136 501 1195 quod
524 1152 721 1195 peream
741 1132 922 1195 sanguis
949 1133 1137 1179 celerius
1157 1132 1283 1179 fluat.
1351 1133 1581 1178 Dextrum
1605 1132 1911 1178 ventriculum
1925 1131 2081 1176 ‘cordis
2116 1132 2302 1191 amplio-

179 1240 186 1256 ,
247 1214 342 1246 rem
370 1199 476 1253 effe,
514 1198 588 1245 sed
624 1200 775 1244 minus
802 1196 994 1258 perfecte
1020 1197 1204 1256 depleri.
1273 1197 1433 1242 Aerem
1464 1195 1675 1257 sanguini
1698 1195 1778 1241 else
1809 1211 1890 1255 pro
1920 1192 2157 1240 fermento.

375 1282 546 1341 EJUSD.
594 1281 824 1342 Apologia,
861 1285 906 1326 in
931 1296 1016 1340 qua
1037 1280 1415 1325 BERNOULLIUM
1443 1279 1628 1324 motricth
1651 1277 1776 1341 fibrae
1801 1281 1845 1322 in
1873 1275 2153 1334 musculorum
2188 1288 2306 1323 motu

247 1346 403 1408 inflata:
432 1357 714 1392 curvaturam
741 1346 848 1390 νεὲἶε
864 1341 1107 1406 supputaſj}
1128 1341 1398 1403 defenditur,
1438 1341 1495 1397 ἐξ)
1518 1346 1571 1387 R.
1589 1343 1743 1388 MEAD
1779 1340 1967 1400 (potius
1987 1341 2304 1388 PEMBERTON

247 1408 369 1456 conf.
399 1410 754 1457 Acr.ERun1T.
778 1415 909 1466 ¹728·
941 1425 983 1467 p.
1006 1406 1149 1464 276.)
1181 1405 1474 1463 objeeiionibns
1497 1405 1788 1465 respondetur.
1856 1401 2015 1464 IpsiUS,
2051 1414 2106 1449 ut
2132 1403 2268 1451 audio
2285 1438 2299 1458 ‚

249 1473 292 1535 J.
313 1475 630 1520 Baanourtu
655 1490 784 1533 opus.
853 1471 1028 1518 Prodiit
1055 1470 1221 1516 Venet.
1249 1481 1384 1527 ¹727·
1403 1482 1447 1528 4.
1486 1470 1792 1516 WACHEND.

377 1557 431 1601 In
460 1559 609 1601 Comm.
640 1558 796 1601 Bonon.
828 1554 883 1599 T.
902 1554 937 1599 I.
973 1552 1025 1598 de
1050 1553 1219 1599 morbis
1250 1549 1463 1598 vasorum
1493 1551 1617 1597 varia
1646 1548 1808 1603 habet,
1848 1550 1891 1597 &
1915 1565 1964 1597 ea
1989 1546 2221 1597 occafione
2246 1548 2302 1597 de

250 1618 461 1666 circulari
485 1617 630 1678 figura
653 1633 780 1664 arcus
807 1628 958 1663 aortae.
2051 1625 2054 1628 '

374 1700 431 1746 In
463 1699 558 1750 Vol.
577 1700 659 1745 lV.
687 1699 782 1745 Λᾶ.
809 1703 921 1745 Nat.
947 1702 1047 1746 Cur.
1069 1697 1149 1757 ohfi
1176 1710 1248 1756 59.
1275 1698 1317 1743 &
1344 1702 1418 1752 89.
1455 1696 1508 1742 de
1535 1694 1672 1746 saliva
1696 1693 1968 1742 saccharina.
2001 1682 2004 1687 ’

377 1781 541 1829 Daniel
564 1783 861 1830 BERNOULLI
884 1814 895 1833 ‚
943 1778 1149 1835 Johamzis
1181 1780 1264 1825 Fil.
1301 1778 1425 1826 Med.
1454 1780 1513 1824 D.
1543 1780 1584 1824 &
1608 1775 1850 1830 Profeflbr,
1899 1778 2032 1823 etiam
2075 1793 2200 1824 nunc
2232 1775 2303 1825 su-

247 1845 428 1907 perstes,
465 1847 661 1906 primum
680 1845 732 1890 de
750 1843 1026 1905 respiratione
1047 1842 1400 1904 disputationem
1419 1842 1543 1888 dedit
1557 1842 1873 1902 inauguralem
1905 1838 2029 1886 Bafil.
2050 1853 2186 1898 1721.
2200 1838 2298 1901 4.*‚

247 1912 299 1958 in
330 1911 471 1971 nostris
494 1909 651 1968 selem
675 1907 889 1957 recusam.
975 1908 1301 1954 Dilatationem
1332 1907 1522 1965 ped'toris
1554 1904 1815 1964 inspirantis
1855 1903 2068 1957 aestimat‚
2113 1906 2156 1951 &
2187 1907 2302 1953 aeris

248 1974 453 2033 copiam,
506 1976 547 2020 &
583 1973 701 2025 vim,
755 1988 859 2018 cum
895 1988 984 2031 qua
1017 1979 1090 2018 aer
1114 1972 1165 2017 111
1202 1971 1442 2032 pulmones
1481 1967 1711 2016 descendit
1734 2002 1748 2022 ‚
1801 1971 1842 2015 &
1872 1966 2064 2017 vici-ssim
2104 1967 2301 2016 efflatur.

247 2038 413 2087 Aerem
438 2035 703 2098 sanguinem
730 2034 882 2082 subire
905 2048 1049 2096 putat.
1225 2034 1228 2035 ⁷

376 2120 452 2179 EJ.
487 2118 714 2176 Pofitiones
739 2118 1000 2178 mzscellaneae
1030 2116 1216 2163 medico-
1237 2119 1473 2163 anatomico
1496 2114 1697 2162 botanicae
1735 2111 1862 2162 Bafil.
1882 2124 2014 2171 1721.
2041 2111 2125 2171 4*

377 2199 491 2246 Inde
524 2200 573 2245 in
608 2201 795 2246 afferam
830 2200 1254 2260 Petropolitcmorum
1284 2198 1370 2246 Vol.
1394 2199 1429 2243 I.
1463 2194 1736 2256 hypothesin
1767 2196 1889 2241 dedit
1914 2195 1967 2241 de
1997 2194 2135 2241 modo
2154 2228 2166 2249 ‚
2206 2211 2299 2255 quo

246 2275 400 2310 motus
438 2262 699 2310 muscularis
743 2262 1031 2322 perficiatur3
1078 2277 1131 2308 ut
1168 2263 1297 2307 nervi
1334 2262 1538 2306 anulares
1577 2259 1866 2318 cylindricam
1900 2257 2062 2305 fibram
2099 2259 2301 2320 strangu-

245 2329 366 2379 lent,
403 2339 672 2386 mutentque
704 2328 754 2372 in
796 2325 1023 2372 vesiculas.
1092 2325 1432 2372 Contractionis
1464 2323 1823 2384 magnitudinem
1859 2339 1914 2368 ex
1944 2321 2101 2371 subtili
2130 2324 2302 2385 experi-

246 2403 403 2437 mento
431 2390 691 2442 ¹aestimavit,
730 2391 779 2435 in
803 2391 936 2435 oculo
971 2401 1118 2450 capto,

380 2471 454 2517 lb..
483 2471 573 2531 egit
595 2471 648 2516 de
675 2469 775 2516 sede
799 2487 911 2517 caeca
934 2472 1068 2518 oculi,
1095 2473 1136 2517 ἃ
1154 2469 1206 2515 de
1226 2470 1536 2530 experimento
1560 2469 1852 2515 MARIOTTI.
1920 2465 2298 2529 Magnitudinem

247 2551 375 2583 caecae
404 2536 543 2595 partis
573 2536 615 2580 &
647 2533 779 2580 situm
807 2535 857 2580 in
884 2535 1014 2580 nervi
1043 2535 1183 2594 optici
1206 2533 1400 2595 ingressu
1432 2532 1609 2579 definit.

377 2616 453 2677 EJ.
493 2615 899 2675 Hydrodynamica,
922 2615 960 2674 s
982 2615 1032 2660 de
1055 2615 1224 2661 viribus
1250 2614 1309 2671 ἓξ
1333 2615 1513 2660 motibus
1528 2613 1767 2676 fluidorum
1802 2615 2094 2659 commentarii
2128 2612 2298 2670 Argen-

247 2681 385 2726 torati
408 2686 540 2738 1738.
564 2677 646 2738 4.*
712 2680 821 2724 Non
848 2679 1028 2737 quidem
1056 2679 1258 2737 proxime
1285 2677 1582 2738 physiologici
1609 2675 1716 2723 sunt
1735 2677 2012 2737 argumenti,
2045 2673 2118 2720 hic
2141 2686 2293 2720 tamen

247 2743 391 2789 citaffe
416 2744 636 2803 oportuit,
661 2759 769 2788 cum
797 2743 931 2788 etiam
962 2741 1103 2787 nostri
1125 2740 1337 2788 humores
1357 2758 1435 2800 per
1460 2742 1537 2786 lua
1564 2740 1666 2786 vasa
1695 2741 1837 2785 fluant
1853 2772 1866 2791 ‚
1904 2741 1946 2784 ὅ(
1976 2740 2295 2784 communibus

245 2807 419 2865 legibus
447 2819 674 2866 regantur.
744 2806 1029 2864 Praecipuum
1064 2821 1170 2849 vero
1206 2803 1443 2849 discrimen
1480 2804 1616 2849 fuerit
1654 2805 1704 2848 in
1733 2804 1780 2848 vi
1808 2802 2017 2847 irritabili
2051 2800 2161 2847 vasis
2197 2803 2295 2847 ani-

246 2871 399 2922 malis,
435 2882 549 2916 certe
575 2871 623 2916 in
650 2869 872 2929 aliquibus
899 2884 1055 2914 eorum
1088 2865 1324 2919 vasorum,
1367 2869 1408 2912 &
1432 2865 1568 2925 ipsius
1595 2866 1758 2912 cordis.
1825 2866 1947 2910 Huic
1977 2865 2098 2911 enim
2116 2864 2294 2911 mecha-

245 2932 341 2982 nici
364 2933 481 2979 nihil
502 2932 669 2980 habent
687 2934 736 2980 111
761 2932 852 2980 suis
878 2932 1071 2979 mortuis
1094 2931 1216 2978 tubis
1241 2931 1553 2991 comparabile.

1655 3028 1693 3079 §.
1725 3024 2293 3074 DCCCLXXXVII.
