2531 3394
746 92 1243 152 ADDENDA
1319 92 1517 144 ΤΟΜῙ
1565 95 1638 146 ΙῙ.

427 227 604 293 Ῥ.628
639 231 668 277 1.
693 235 723 277 6
755 227 870 276 adde

205 313 321 362 Flor.
342 313 475 362 Gottl.
491 313 617 361 FEIT
637 311 689 360 de
703 289 1026 369 natureijbmni
1047 325 1158 372 prae-

161 377 253 427 fide
277 375 565 429 BuanERo
598 378 720 425 Hall.
740 380 879 436 1766.

539 457 623 507 sub
649 460 679 506 l.
700 469 776 507 12.

205 545 314 590 Ant.
344 543 569 591 Mnsmx-:n
604 539 658 586 de
678 539 961 602 planetarum
987 538 1157 603 influxu

159 607 314 655 Wien
342 613 479 665 1766.
497 618 542 665 4.
609 605 743 651 Luna
762 605 955 650 omnino
985 603 1036 650 in
1058 604 1157 651 ani-

157 671 293 718 malia
313 671 434 732 agit,
468 681 522 716 ut
545 665 717 714 menses
745 680 906 729 urgeat
924 701 937 721 ‚
973 666 1058 714 nifi
1077 685 1155 715 va-

157 736 224 782 ria
253 734 576 796 impedimenta
599 731 697 794 ejus
724 729 973 779 efficaciam
1001 732 1155 780 turba-

155 800 322 847 verint.

427 894 471 940 p.
493 883 585 936 639
615 879 645 926 l.
668 880 727 926 16
757 878 871 926 adde

199 942 435 991 SAUBERT
471 943 523 989 de
553 942 700 990 reditu
739 959 881 991 annuo
911 942 1152 1005 praesertim

149 1009 282 1055 vitali
306 1025 357 1054 ac
371 1006 478 1071 fisco
502 1007 740 1054 viduarum
774 1006 894 1069 Lips.
912 1015 1050 1065 1767.
1073 1020 1120 1067 4.

193 1105 238 1151 p.
257 1095 350 1148 642
384 1090 414 1138 l.
438 1101 491 1148 13
522 1088 657 1151 supra
680 1090 819 1136 imam
836 1104 920 1150 pro
939 1090 1099 1137 BERN.

542 1156 572 1201 l.
610 1156 752 1201 IDEM

306 1253 353 1297 p.
369 1241 466 1297 646
500 1238 528 1283 1.
549 1242 575 1290 8
611 1247 716 1282 ante
735 1250 859 1290 vom,
888 1228 1007 1283 adde'

147 1303 193 1349 in
214 1299 294 1348 der
323 1299 567 1359 Oberlaufiz
599 1305 737 1359 1766.

176 1382 238 1430 ib.
256 1382 304 1441 §-
323 1394 459 1443 1237.
485 1384 515 1431 l.
540 1396 582 1430 Ι.
618 1384 715 1443 lege
738 1380 937 1444 Raphael
955 1385 1095 1432 Bona-

400 1459 588 1495 ventura
613 1447 870 1495 SABATIER

139 1545 184 1590 p.
201 1533 294 1590 648
329 1530 390 1578 V.
405 1530 606 1578 Medecin
620 1531 701 1576 &c.
723 1528 819 1576 dele
840 1540 926 1576 tot.
957 1528 1025 1576 Ib.
1047 1529 1145 1590 lege

179 1597 298 1650 Jean
311 1596 549 1643 FA1ssoLE
567 1595 610 1640 &
628 1593 788 1642 Claude
801 1595 1143 1642 CHAMPEAUX.

225 1693 269 1738 p.
287 1682 382 1736 650
416 1675 472 1723 ad
499 1680 547 1732 J.
567 1673 677 1723 Phil.
701 1676 930 1723 MARRET
955 1676 1069 1723 adde

170 1758 227 1804 In
256 1759 313 1805 T.
340 1758 398 1805 II.
435 1757 506 1805 des
540 1761 761 1804 memoires
799 1758 853 1804 de
880 1758 1054 1806 l'Acad.
1090 1758 1143 1805 de

141 1822 280 1880 Dijon
326 1821 450 1870 dedit
489 1834 736 1870 anatomen
771 1820 1008 1877 hominis,
1046 1839 1142 1870 om-

138 1886 256 1937 nino
280 1897 334 1934 ut
361 1887 545 1934 videtur
575 1885 858 1948 androgyni,
904 1887 979 1933 cui
1016 1888 1139 1935 testis

137 1947 299 2005 fuerit,
335 1952 377 1998 &
398 1949 593 1998 veficula
613 1949 864 2004 seminalis,
890 1952 933 1997 &
953 1953 1136 2015 vagina,

138 2014 182 2060 &
206 2026 392 2069 uterus,
427 2016 470 2062 ἃ
497 2015 633 2069 tuba,
671 2017 714 2062 &
737 2015 962 2063 ovarium.

366 2114 409 2158 p.
432 2102 525 2156 652
563 2094 646 2143 sub
672 2094 718 2151 §.
747 2107 884 2153 1239.

178 2178 417 2227 KRITTER
445 2177 701 2238 oeconomisch
715 2210 733 2218 -
747 2176 968 2240 politische
987 2180 1137 2244 Aufl'o'-

127 2241 238 2304 fimg
277 2242 592 2303 verschiedener
628 2244 696 2289 die
735 2248 798 2291 W
795 2241 1030 2305 itwecaffin
1069 2244 1138 2291 be*

136 2305 342 2366 treffinde
375 2312 538 2371 Fragen
585 2314 721 2365 1768.
808 2309 880 2355 De
914 2310 1135 2357 vitalitate

134 2369 375 2418 hominum
399 2389 480 2434 pro
505 2388 684 2433 quaque
704 2382 853 2420 aetate.

279 2454 309 2499 1.
345 2456 515 2514 penult.
539 2456 635 2516 lege
664 2453 725 2501 los
747 2458 980 2502 mecanicos

221 2552 264 2596 p.
281 2542 373 2581 660
408 2537 485 2594 l.7
515 2536 613 2597 post
634 2540 906 2584 Americaim
931 2535 1036 2585 add.

121 2612 216 2662 par
240 2604 337 2647 Mr.
366 2599 418 2646 de
445 2601 620 2649 PAuw.

194 2699 236 2743 p.
259 2685 366 2740 675⁵.
398 2686 547 2729 Lettre
559 2681 611 2729 de
625 2688 697 2730 M.
713 2683 771 2730 du
785 2683 997 2731 CHANOI
1010 2683 1040 2729 τὶ
1056 2717 1068 2730 .
1083 2716 1094 2730 .
1112 2718 1124 2730 .

127 2747 490 2858 diagonum
523 2754 658 2808 1776.
692 2747 907 2797 tribuunt
936 2752 1042 2796 Etat
1073 2748 1126 2795 de

1061 2991 1362 3054 Gggggss

2133 96 2234 156 ssw

1290 221 1404 270 adde
1429 221 1539 268 ibid.
1565 223 1683 271 Paul
1713 222 1888 273 Gabriel
1908 223 2085 272 PREUX
2115 223 2234 271 deux

1224 286 1374 333 lettres
1407 287 1432 332 ἀ
1455 291 1525 333 M.
1544 287 1792 336 BOUVART
1815 287 1897 346 fiir
1924 290 1982 335 les
2004 286 2233 350 naiffances

1223 350 1420 397 tardives
1447 368 1496 397 en
1511 349 1680 413 savem*
1715 351 1766 398 de
1792 356 1862 399 M.
1889 353 2055 401 PETlT
2103 353 2231 400 Paris

1226 426 1364 479 1770.
1390 420 1434 469 8.
2109 460 2114 465 .

1284 513 1329 558 p.
1347 502 1435 554 691
1473 495 1573 545 add.
1597 495 1651 543 ad
1685 493 1729 553 §.
1760 501 1895 544 1266.
1932 497 1988 545 In
2014 497 2161 546 diario

1505 563 1914 609 ORTESCHIANO.

1270 641 1469 691 Michael
1500 643 1690 705 Angelus
1719 643 2020 690 GIANNETTI
2057 647 2227 706 experi-

1219 720 1375 755 menta
1391 706 1467 754 sua
1490 718 1659 754 narrat.
1719 705 1931 753 Cochleis
1954 709 2095 766 capita
2113 708 2226 756 rese-

1220 772 1348 819 cuit:
1395 782 1552 818 renata
1581 769 1689 818 sunt
1726 772 1869 817 altero
1905 786 2011 818 vere
2033 805 2045 824 ,
2093 773 2226 820 etiam

1218 852 1322 883 cum
1355 836 1527 899 oculis,
1573 850 1914 896 nonnunquam
1951 846 2108 883 tamen
2142 834 2226 882 dif-

1216 898 1396 948 formia.

1315 999 1358 1045 p.
1390 987 1488 1041 706
1543 981 1731 1030 Nomen
1769 982 1839 1029 Cl.
1870 982 2112 1031 BRASDOR

1585 1046 1648 1093 est
1677 1047 1851 1094 PETRo

1283 1144 1327 1189 p.
1350 1134 1443 1186 708
1471 1126 1616 1176 verfio
1631 1129 1831 1190 capitum
1849 1145 2057 1177 meorum
2081 1129 2135 1177 de
2148 1146 2223 1192 ge-

1215 1194 1453 1240 neratione
1486 1192 1549 1240 est
1579 1193 1796 1241 Guilielmi
1831 1193 2041 1243 Ludovici
2075 1196 2220 1243 P1ET.

1215 1260 1320 1305 Etat
1339 1257 1392 1304 de
1408 1256 1566 1306 medec.

1295 1357 1341 1402 p.
1363 1347 1457 1400 708
1493 1340 1550 1388 ad
1582 1338 1724 1388 diaria
1753 1339 1867 1388 adde
1899 1339 1956 1388 ad
1989 1337 2132 1389 finem

1603 1401 1651 1460 §.
1673 1411 1809 1459 1280.

1253 1485 1431 1535 Tomus
1457 1488 1518 1535 ΙΙ.
1555 1486 1626 1534 des
1643 1491 1874 1535 Memoires
1892 1487 1943 1534 de
1967 1486 2139 1535 l’Acad.
2167 1485 2224 1534 de

1211 1552 1348 1609 Dz'J'on
1401 1554 1551 1613 Dijon
1582 1564 1720 1611 1774.
1761 1550 1842 1607 8.*
1874 1554 2082 1599 continet
2121 1550 2218 1598 diff.

1208 1618 1409 1676 primum
1444 1618 1512 1664 Cl.
1538 1617 1682 1664 Hom
1712 1615 1765 1663 de
1792 1617 2095 1664 DROUARTO
2116 1650 2130 1669 ,
2166 1616 2219 1663 in

1209 1696 1319 1740 quo,
1347 1683 1421 1729 vel
1439 1681 1595 1741 potius
1614 1681 1663 1727 in
1688 1697 1794 1741 qua,
1823 1680 2077 1727 accuratius
2096 1678 2218 1728 scru-

1209 1745 1378 1791 tinium
1420 1746 1630 1806 vaginam
1681 1744 1881 1799 detexit,
1934 1744 2218 1806 fluentesque

1207 1808 1398 1857 menses.
1467 1811 1591 1857 Tum
1622 1810 1875 1857 MARRETI
1897 1806 2115 1871 Chirurgi
2146 1826 2217 1856 ac-

1207 1886 1410 1921 curatam
1445 1886 1689 1920 anatomen
1727 1872 1954 1927 hominis,
1999 1873 2075 1920 cui
2106 1874 2216 1920 alte-

1205 1954 1309 1984 rum
1334 1940 1453 1985 latus
1480 1937 1620 1985 maris
1655 1936 1742 1992 est,
1783 1935 1967 1984 feminae
1999 1938 2212 1985 alterum.

1204 2009 1365 2063 p.650

1268 2089 1421 2144 p.718
1450 2083 1504 2131 ad
1529 2079 1573 2138 §.
1593 2088 1732 2138 1288.
1758 2082 1805 2129 in
1829 2083 1947 2131 libro
1966 2081 2207 2145 Schauplaz

1202 2146 1281 2194 der
1294 2153 1451 2195 Natur
1473 2147 1528 2194 ab
1551 2148 1729 2195 erudita
1747 2146 1958 2196 societate
1973 2147 2138 2208 scripto
2164 2148 2208 2195 &

1203 2212 1326 2259 edito
1348 2213 1497 2272 Leipz.
1518 2225 1654 2271 1775.
1678 2218 1810 2271 1776.
1832 2211 1909 2268 8.*
1921 2228 2057 2260 voces
2071 2212 2207 2258 etiam

1202 2277 1469 2324 anatomicae
1489 2279 1530 2323 &
1554 2275 1886 2338 phyliologicae,
1921 2293 2023 2323 cum
2050 2291 2206 2322 earum
2291 2329 2299 2336 ,

1200 2341 1576 2400 interpretatione
1595 2340 1651 2387 ad
1676 2342 1976 2402 nuperiorum
2004 2337 2205 2393 sensum,

1199 2417 1505 2466 reperiuntur.

1385 2505 1427 2548 p.
1449 2498 1543 2546 719
1579 2503 1604 2532 a
1622 2486 1847 2547 princ-ipio
1875 2485 1978 2533 add.

1259 2550 1415 2599 ROUX
1452 2551 1740 2610 observations
1773 2550 1858 2609 sur
1886 2551 1943 2597 les
1967 2560 2114 2611 pertes
2152 2549 2204 2596 de

1184 2615 1295 2678 sang
1320 2614 1394 2662 des
1410 2615 1588 2678 femmes
1617 2632 1667 2662 en
1700 2614 1850 2662 conche
1887 2616 2032 2675 Dijon
2057 2618 2201 2671 1776<>

1196 2682 1275 2734 8.*
1314 2682 1453 2728 tradit
1490 2682 1622 2728 etiam
1666 2680 1781 2726 uteri
1812 2681 1851 2726 <Sc
1879 2680 2099 2739 placentae
2131 2677 2200 2724 hi-

1192 2744 1400 2799 storiam„
1451 2746 1595 2805 deque
1628 2756 1822 2803 utraque
1858 2745 1906 2791 vi
1944 2741 2201 2796 contradhli

1190 2810 1311 2857 uteri
1337 2808 1417 2857 sua
1444 2812 1636 2871 cogitata
1660 2808 1848 2869 profert.

1890 2985 2197 3055 INDEX
