2531 3394
634 105 686 165 §-
726 120 864 166 11<9.
891 114 1039 159 1160.
1103 107 1529 172 ‚CALDANUS
1597 108 1839 162 VARH.
2158 129 2258 179 μς

330 238 387 286 In
416 239 635 286 conventu
663 242 754 286 Soc.
780 242 920 301 Regiae
946 237 1224 300 Gottingenfis
1245 251 1379 297 1757.
1405 239 1504 287 Alb.
1518 223 1708 302 xLudwig
1728 242 1893 289 Frider.
1915 245 2146 295 Mus-ren
2172 248 2254 295 ob-

204 300 479 362 servationes
505 299 604 350 suas
632 304 685 349 de
705 302 805 349 visu
836 304 1058 363 praelegit,
1102 303 1301 355 ⁴omnino
1337 304 1672 356 memorabile8‚
1718 305 1895 352 recusas
1929 309 1976 354 in
2006 311 2246 373 Hamburg.

202 370 385 427 Magaz.
414 365 467 412 T.
490 377 563 421 23.
631 365 912 413 Potiffimum
943 377 1146 412 accurate
1175 367 1266 424 egit
1296 367 1349 412 de
1378 368 1564 414 maculis
1596 369 1638 414 &
1660 366 1904 416 filamentis
1934 387 2081 418 coram
2116 377 2258 421 oculo

201 427 560 476 obversantibus.
627 430 854 476 Globulos
894 431 995 476 illos
1033 428 1148 489 poffe
1188 428 1460 488 sanguineos
1496 430 1591 477 effe.
1686 433 1753 479 Ab
1781 433 1835 478 iis
1868 434 2064 493 globulis
2100 439 2252 485 radios

201 493 316 540 lucis
337 490 540 553 refringi.
609 493 836 540 Globulos
865 490 1030 539 solidos
1054 491 1149 539 effe.
1219 492 1411 539 Causam
1443 497 1721 542 macularum
1759 495 1840 542 effe
1875 513 2091 556 myopum
2129 501 2250 546 labo-

198 572 295 610 res,
329 558 369 603 Sc
395 554 541 602 sedem
568 556 618 603 in
648 555 839 602 humore
868 557 1030 602 vitreo.
1102 561 1219 603 Axes
1240 556 1417 604 nostros
1446 557 1637 605 visorios
1672 575 1770 605 non
1805 573 2010 607 accurate
2040 578 2065 607 a
2088 565 2252 610 volun-

115 647 121 650 <
202 632 293 667 tate
312 620 448 681 dirigi
465 618 597 680 poss'e.
668 620 764 666 Alia
793 617 980 665 sollicite
1011 620 1098 680 legi
1124 620 1274 681 digna.

328 703 384 748 In
410 706 460 748 K.
488 699 679 758 Swenska
700 699 838 747 Acad.
868 701 1153 762 Handlingar
1178 713 1314 760 1757.
1352 702 1393 763 J.
1420 703 1475 749 G.
1499 703 1795 751 WAHLBOM
1824 721 1985 766 magna
2007 721 2108 766 pars
2141 703 2247 753 offis

198 764 442 826 bregmatis
465 766 506 811 &
531 765 723 810 maxillae
751 762 979 811 inferioris
1005 764 1210 812 restituta
1228 799 1241 818 ,
1280 781 1417 825 quam
1445 768 1582 812 caries
1606 767 1900 831 destruxerat.
1957 824 1960 825 ⁷

326 847 400 906 EJ.
437 845 494 896 T.
511 845 669 891 XXII.
705 846 842 892 Fetus
865 844 1153 906 imperfecius
1180 846 1277 906 post
1302 847 1459 893 alicam
1485 845 1734 894 semestrem
1761 860 1910 896 natus.

265 991 293 1037 d
325 928 399 987 EJ.
437 927 490 972 In
518 927 620 972 ιιὲἳίς
643 943 681 972 a.
710 935 845 987 1764.
881 927 934 974 de
958 925 1082 980 fetu,
1117 928 1247 988 cujus
1285 929 1420 974 colon
1458 930 1508 974 in
1538 941 1640 976 cute
1672 931 1983 990 aperiebatur,
2033 932 2073 978 ἃ
2111 930 2249 992 hepar

197 1008 260 1038 nu
296 1007 373 1037 um
397 1001 503 1036 erat.
2208 1019 2211 1022 ,

327 1076 449 1119 Petri
474 1072 714 1118 ZETZELL
750 1071 909 1117 relatio
944 1071 998 1116 de
1031 1071 1199 1131 juvene
1234 1088 1259 1119 a
1294 1072 1430 1120 nimis
1462 1074 1652 1135 angusto
1681 1075 1836 1122 collari
1865 1092 1978 1136 pene
2007 1072 2247 1124 suffocato.

196 1136 375 1186 Gradus
404 1147 634 1187 accurate,
671 1151 750 1194 per
775 1151 889 1194 quos
914 1135 1008 1181 vita
1034 1134 1181 1182 rediit.

322 1217 376 1263 In
397 1220 450 1262 K.
475 1213 668 1273 Swenska
691 1214 899 1274 Wetensk.
925 1216 1164 1278 Handling.
1193 1229 1323 1275 1770.
1348 1234 1393 1264 n.
1420 1230 1459 1275 3.
1489 1219 1583 1279 agit
1611 1219 1665 1265 de
1691 1218 1786 1267 sero
1808 1221 2017 1281 chyloso,
2055 1222 2177 1281 quod
2196 1222 2250 1269 inv

191 1277 408 1340 sanguine
428 1290 569 1331 natet,
605 1280 646 1326 &
662 1295 742 1338 pro
770 1280 880 1326 lac'te
903 1279 1108 1326 habitum
1130 1279 1197 1333 sit,
1234 1282 1287 1327 de
1303 1298 1418 1341 aqua
1445 1281 1705 1343 hydropica,
1738 1287 1778 1331 ἃ
1804 1286 1857 1332 de
1877 1285 1973 1332 sero
1994 1284 2241 1346 sanguinis.

193 1343 249 1390 In
279 1342 493 1389 omnibus
517 1343 823 1402 experimenta
848 1342 978 1396 fecit,
1015 1345 1181 1404 quibus
1203 1362 1360 1391 eorum
1392 1347 1598 1393 indolem
1625 1361 1814 1395 erueret.

325 1423 517 1470 Torbern
541 1425 835 1471 BERGMANN
870 1425 924 1471 de
959 1425 1226 1473 hirudinum
1264 1443 1405 1487 pene,
1441 1431 1607 1482 vulva,
1640 1428 1747 1476 sunt
1785 1431 1906 1477 enim
1931 1431 2239 1492 androgynae,

191 1485 246 1532 de
274 1503 389 1540 ano,
427 1503 561 1547 quem
586 1489 891 1536 MORANDUS
924 1505 1020 1535 non
1051 1491 1300 1536 invenerat.

320 1570 376 1616 In
405 1569 599 1624 Journal
623 1569 674 1615 de
696 1569 918 1616 Me'de‘cine
938 1570 988 1616 de
1005 1571 1419 1621 VANDERMONDE
1451 1574 1506 1619 T.
1527 1573 1610 1621 VI.
1638 1576 1747 1621 anni
1785 1587 1916 1635 ¹757·
1956 1577 2243 1624 L1EscfflNG
2294 1582 2295 1585 ’

194 1631 248 1680 de
272 1649 417 1704 *puero
447 1633 646 1693 tripede,
685 1633 738 1679 de
770 1650 861 1693 quo
888 1636 928 1681 &
959 1636 1313 1682 SIEGWARTUS.

318 1717 588 1769 BOUSQUET
602 1714 655 1760 de
668 1712 765 1761 fetu
776 1728 907 1762 utero
922 1716 963 1761 ἃ
976 1718 1137 1776 vagina
1150 1716 1381 1772 destituto,
1393 1719 1648 1767 ureteribus
1663 1722 1826 1780 apertis
1836 1721 1886 1767 in
1900 1721 2014 1767 labia
2027 1720 2247 1782 pudendi...

305 1797 544 1858 ,GERARD
579 1811 702 1841 mors
731 1795 830 1855 post
858 1796 1173 1843 abstinentiam
1202 1805 1277 1855 69.
1307 1801 1498 1847 dierum.

316 1878 594 1932 PEQUEULT
623 1878 788 1923 lamina
809 1879 857 1923 in
882 1879 1038 1937 pleura
1061 1878 1188 1926 offea.

318 1959 608 2006 MARECHAL
631 1958 685 2003 de
710 1974 820 2004 cane
842 1958 987 2005 rostro
1009 1958 1210 2019 plittaci:
1240 1964 1390 2022 puella
1405 1961 1539 2010 fimiae
1562 1960 1718 2010 simili:
1745 1960 1956 2024 suspectae
1980 1960 2246 2011 historiolae.

317 2039 521 2086 SANYER
549 2039 609 2086 du
634 2041 733 2087 LAC
763 2032 932 2087 femina
959 2041 1138 2089 duobus
1165 2045 1306 2091 uteris
1333 2045 1538 2106 praedita.

318 2121 552 2168 LAPEYRE
575 2138 676 2182 pars
701 2120 897 2168 urethrae
922 2136 1138 2184 reparata.

328 2202 642 2250 GUILLERMB
674 2201 794 2250 fetus
823 2220 902 2264 per
924 2221 1064 2251 anum
1091 2205 1280 2267 egestus.

321 2283 632 2330 Dssvumssns
659 2297 858 2343 quatuor
888 2298 1103 2335 uretereS.

316 2362 556 2410 BARATTE
586 2380 760 2412 vermes
783 2366 834 2412 in
861 2364 1095 2427 sanguine.

318 2435 624 2491 hamum
657 2461 783 2492 venae
812 2445 947 2493 sectio
973 2449 1023 2493 in
1056 2447 1224 2496 femina
1254 2448 1615 2511 frequentissime
1641 2453 1870 2514 repetita,
1893 2466 1948 2500 ut
1990 2453 2244 2514 quotannis

193 2517 297 2563 300.
325 2504 558 2568 sanguinis
584 2509 740 2555 uncias
765 2510 1009 2557 amitteret.

313 2588 548 2636 DEYDIER
563 2622 576 2642 ‚
609 2588 807 2642 Medici,
841 2591 953 2637 mira
971 2590 1154 2639 historia
1173 2606 1328 2654 partus
1351 2596 1584 2643 immaturi
1608 2597 1799 2644 duarum
1817 2599 2037 2644 molarum
2065 2595 2245 2645 fimssis..

315 2672 385 2715 De
417 2669 463 2715 la
491 2670 599 2716 RUE
630 2670 686 2716 de
710 2672 856 2731 puella
876 2669 1033 2726 surda,
1065 2676 1340 2735 percipiente
1365 2694 1649 2738 quaecunque
1671 2679 1721 2724 in
1745 2677 1925 2724 dorsum
1956 2676 2183 2727 scriberes.

315 2751 371 2797 T.
402 2751 506 2797 VII.
533 2752 613 2810 qui
639 2753 681 2798 Sc
706 2750 799 2811 ipse
823 2753 934 2799 anni
961 2754 1031 2801 est*
1054 2767 1190 2814 1757.
1224 2758 1291 2804 M.
1313 2759 1519 2806 MAHON
1540 2757 1720 2820 sanguis
1744 2759 1947 2819 undique
1970 2757 2235 2813 diffolutuS,

187 2821 241 2857 ut
266 2827 345 2871 per
372 2815 638 2873 pulmonem
666 2813 919 2868 exsudaret.

314 2892 596 2943 GLAmGNY
620 2894 911 2960 diaphragma
935 2896 1115 2949 sursum
1136 2900 1413 2965 impulsum.
1446 2903 1620 2963 reliqua
1647 2899 1821 2951 viscera-
1842 2900 1929 2951 {itu
1958 2915 2094 2951 mota.

254 2991 398 3050 (Bibl.
422 2997 558 3047 Anat.
595 2999 647 3047 T.
661 2994 748 3059 11.)
1322 3002 1370 3052 X
1394 3017 1425 3048 Χ
1454 3016 1487 3049 x
1930 3053 1933 3057 .
2061 3002 2242 3052 Nico&-
