2531 3394
880 155 924 223 ς.
969 167 1117 226 1227.'
1168 148 1217 212 5D
1250 153 1272 211 1'
1305 143 1416 212 A'R
1449 163 1470 211 I
1507 164 1562 212 A.
2153 169 2240 224 631
2291 214 2293 216 ,

319 294 517 344 Medical
540 295 942 356 ohfi7··vations·and'
966 299 1171 358 inquiries
1197 293 1249 354 by
1276 307 1303 340 a
1316 293 1476 354 society
1507 293 1799 357 ofphyficians
1830 301 1876 343 in
1903 297 2077 345 Lonrlon
2122 301 2243 347 Lon-

184 361 281 407 don
304 368 438 420 1767.
473 367 545 413 8.*
613 362 747 407 Fetus
773 362 987 408 ventralis
1020 374 1146 406 extra
1169 370 1351 404 uterum
1377 357 1559 413 sedens,
1601 361 1681 420 qui
1709 361 1893 408 videtur
1926 378 1980 408 ex
2014 361 2110 424 ipso
2137 380 2243 411 ova-

185 426 254 472 rio
285 424 456 486 elapsus
479 422 585 472 effe,
622 426 1024 474 Cnmsror‘flom
1047 424 1239 470 KELLY.

320 509 608 555 SYMMONDS
635 506 790 552 dentes
816 506 1002 552 tertium
1025 503 1319 565 prodeuntes.

324 590 511 635 William
538 590 652 634 HAY
682 586 800 633 fetus
823 587 873 633 in
891 598 1097 633 ventrem
1122 582 1315 640 effusus,
1346 586 1476 647 cujus
1498 598 1650 633 tamen
1678 588 1884 648 placenta
1903 587 1954 635 in
1980 601 2112 637 utero
2132 604 2239 639 erat.

317 671 497 717 WADE
529 670 581 715 de
604 670 778 714 enormi
802 666 1034 715 obesitate.

320 752 374 798 In
395 751 589 806 Journal
615 751 666 796 de
698 750 918 796 Medecine
942 751 997 796 T.
1020 755 1096 797 26.

318 835 641 885 DESLANDES‚
683 831 923 892 Chirurgi,
956 829 1320 892 hydrocephalus
1350 848 1452 879 cum
1476 835 1618 894 capite
1646 830 1862 881 difformi.

319 915 578 1022 Plcamllpn
609 913 662 961 de
690 915 778 960 tela
808 911 1020 961 cellulosa
1038 948 1050 967 ‚
1087 913 1216 973 cujus
1242 910 1589 962 declarationem
1617 931 1715 962 non
1741 932 1899 977 aequus
1936 913 2162 978 Theophila
2193 915 2245 964 dc

191 979 403 1026 BORDEU
438 979 495 1024 tri
532 979 615 1024 uit.

319 1061 603 1107 LEAUTAUD
634 1059 688 1106 de
717 1059 848 1120 digiti
872 1075 986 1119 pene
1009 1059 1185 1118 integre
1211 1057 1348 1106 soluti
1374 1060 1760 1108 reconciliatione.

323 1143 557 1191 DAUNOU
581 1157 795 1201 magnum
820 1139 1127 1200 fragmentum
1152 1138 1256 1186 offis
1282 1157 1361 1201 per
1390 1142 1552 1188 cariem
1577 1140 1719 1189 amiffi
1744 1140 2020 1191 restitutum.

316 1224 662 1270 SAUCEROTTE
692 1222 897 1281 placenta
921 1223 971 1268 in
997 1223 1156 1268 cellula
1180 1223 1315 1269 uteri.

325 1307 578 1352 GARDANE
605 1320 686 1363 pro
710 1302 912 1363 pulsibus
940 1304 1011 1350 Cl.
1038 1303 1091 1349 de
1117 1305 1349 1351 BORDEU.

323 1388 575 1438 CORDON,
611 1385 846 1439 Medicus,
884 1397 974 1432 tres
999 1384 1201 1445 ejusdem
1236 1386 1392 1432 matris
1427 1398 1583 1447 partus
1615 1399 1742 1448 parte
1777 1386 1952 1435 brachii
1985 1399 2088 1435 cute
2120 1388 2249 1437 desti-

193 1461 293 1497 tuta
326 1461 436 1495 nan.

321 1532 377 1577 T.
401 1543 473 1589 27.
512 1531 566 1576 de
596 1531 928 1580 VILLENEUVE
958 1531 1011 1577 de
1038 1529 1241 1584 infante,
1280 1531 1354 1578 cui
1387 1533 1520 1578 urina
1552 1532 1605 1578 de
1632 1530 1874 1594 spongioso
1903 1546 2083 1582 tumore
2117 1532 2250 1596 supra

194 1612 244 1642 os
266 1595 398 1656 pubis
429 1595 577 1642 stillat.
647 1596 798 1641 Habet
822 1613 904 1655 pro
935 1595 1087 1642 veficae
1113 1596 1325 1642 urinariae
1352 1595 1528 1643 hernia.

320 1678 586 1724 TELMONT
615 1676 668 1722 de
695 1677 963 1736 graviditate
995 1676 1236 1723 duodecim
1260 1675 1482 1724 menfium
1510 1694 1606 1724 non
1633 1676 1847 1740 suspedta.

325 1760 601 1807 ROUGERES
630 1758 683 1804 de
709 1771 868 1806 renato
892 1776 1061 1820 ungue,

322 1842 506 1890 RQGER
536 1840 590 1885 de
617 1837 745 1899 pulsu
771 1840 1161 1901 dicrotoaliisque
1186 1842 1354 1889 criticis
1384 1841 1610 1903 pulsibus:
1649 1853 1749 1887 tum
1773 1843 1940 1890 ROBIN
1967 1842 2022 1890 de
2043 1843 2219 1893 iisdem.

322 1923 552 1974 HERLIN,
590 1920 871 1982 Chirurgus,
912 1921 1071 1968 exciffa
1097 1921 1289 1970 vesicula
1318 1923 1433 1971 fellis
1463 1923 1569 1970 feles
1600 1922 1768 1969 vixiffe.

319 2004 580 2049 DESBREST
615 2015 775 2048 contra
801 2004 1121 2064 graviditatem
1152 2005 1565 2051 odlodecimestrem
1598 2007 1655 2051 D.
1680 2007 1956 2052 MARTEAU.

327 2082 694 2143 Stralsundzschen
717 2088 952 2145 Migo-zius
978 2087 1102 2146 ewster
1122 2086 1245 2132 Band
1270 2088 1331 2133 ib.
1357 2085 1596 2144 1767.,8.*
1663 2087 1913 2133 Hirudines
1940 2087 2124 2148 riparias
2147 2087 2242 2142 effe,

197 2165 297 2209 quae
326 2149 374 2194 in
401 2148 683 2194 arundinetis
707 2147 916 2194 demersae
934 2150 1230 2209 reperiantur.
1299 2152 1354 2196 In
1373 2151 1559 2197 canibus
1576 2149 1688 2197 faeta
1708 2152 2038 2211 experimenta,
2075 2170 2129 2198 ex
2150 2154 2250 2212 qui-

196 2213 279 2258 bus
298 2212 500 2258 constitit
515 2245 526 2265 ‚
559 2227 675 2257 nuce
687 2213 870 2258 vomica
884 2226 1092 2259 naturam
1113 2214 1377 2260 irritabilem
1389 2215 1538 2260 cordis
1559 2218 1599 2261 &
1615 2213 1924 2261 musculorum
1951 2215 2139 2269 destrui,
2173 2234 2252 2263 au-

197 2277 290 2337 geri
310 2277 605 2322 inmtestinis.
675 2277 759 2322 Pro
784 2276 998 2335 hydatico
1025 2279 1216 2323 animale
1230 2279 1455 2330 TYSON13
1497 2295 1653 2324 verum
1677 2277 1757 2324 effe
1782 2280 1961 2325 animal.
2030 2280 2115 2326 Pro
2137 2296 2249 2326 voce

199 2356 451 2399 cygnorum
482 2338 707 2387 ferorum,
741 2358 842 2400 quae
869 2358 948 2401 pro
979 2354 1117 2388 cantu
1141 2341 1298 2388 haberi
1333 2344 1494 2401 potuit.
1564 2346 1729 2388 Anates
1761 2341 1949 2389 feminas
1979 2356 2180 2389 mortuas
2204 2346 2248 2390 Sc

199 2406 370 2463 ligneas
404 2405 579 2450 ineunt.
663 2406 734 2450 De
768 2406 943 2464 injecftis
974 2404 1112 2458 valis,
1155 2423 1254 2464 quae
1288 2405 1635 2466 parenchymate
1668 2422 1745 2471 per
1777 2407 2012 2452 erodentes
2049 2408 2247 2465 liquores

200 2467 466 2514 liberantur.
534 2470 603 2513 De
627 2467 903 2514 insectorum
927 2471 1007 2515 alis
1047 2485 1123 2528 per
1151 2468 1390 2515 humorem
1420 2473 1461 2515 ὃς
1489 2472 1681 2516 calorem
1715 2473 1934 2523 evolutis,
1981 2471 2033 2516 de
2061 2471 2250 2530 papilio-
2274 2480 2277 2483 ’

199 2539 312 2578 num
342 2530 531 2583 sudore,
572 2531 625 2576 de
651 2530 970 2578 secundatione
1002 2533 1209 2578 ovarium
1236 2534 1476 2593 papilionis
1506 2547 1599 2580 arte
1626 2532 1754 2580 strela.
1831 2535 1900 2580 De
1929 2532 2247 2582 conservandis

199 2597 465 2655 corporibus
488 2595 788 2641 naturalibus.
859 2597 928 2642 De
953 2595 1119 2642 anseris
1150 2595 1389 2644 Chinensis
1423 2610 1659 2658 pancreate
1685 2598 1861 2649 bilobo,
1894 2599 1933 2643 ἃ
1961 2595 2247 2644 multiformi.

120 2681 125 2685 ’
199 2661 358 2707 Pullus
396 2661 603 2719 cyclops,
645 2656 909 2720 proboscide
943 2658 1065 2719 quasi
1102 2659 1366 2721 elephanti,
1430 2664 1573 2722 capite
1607 2660 1825 2713 deformi,
1863 2677 1958 2705 non
1993 2678 2015 2706 a
2043 2673 2247 2714 terrore,

200 2723 275 2769 sed
301 2740 325 2769 a
351 2724 629 2783 primordiis.
697 2724 765 2768 Ad
794 2722 1022 2770 historiam
1049 2726 1303 2770 naturalem
1331 2725 1560 2786 rangiferi.
1630 2725 1820 2771 Porcelli
1850 2722 2071 2770 deformes
2101 2725 2250 2772 tribus

203 2788 368 2847 digitis.
443 2789 537 2833 Viae
568 2788 735 2833 bilariae
761 2789 1004 2834 buteonis:
1041 2789 1201 2835 duc‘tus
1229 2786 1464 2848 hepaticus
1488 2790 1539 2835 in
1566 2787 1802 2835 vesiculam
1825 2785 1998 2832 felleam
2020 2787 2251 2836 inseritur.

333 2870 388 2914 In
418 2870 473 2916 T.
497 2870 553 2916 II.
581 2871 804 2930 porcellus
840 2871 1019 2930 cyclops
1042 2868 1309 2931 proboscide
1341 2870 1582 2932 elephanti.
1652 2871 1821 2916 PARET
1848 2869 1901 2915 de
1926 2868 2056 2916 causa
2079 2883 2250 2931 partim,

205 2947 306 2990 quae
333 2931 392 2977 est
416 2933 465 2978 in
490 2935 607 2980 uteri
631 2934 903 2980 irritatione.

335 3013 702 3079 Natuurkcmdzge
723 3013 1084 3079 verlmndelingen
1113 3016 1391 3066 Amsterdam
1416 3023 1550 3077 1767.
1579 3017 1651 3070 8.*
1717 3015 1906 3076 Aliquot
1930 3016 2104 3065 libellos
2122 3014 2255 3126 podffi-

821 3100 825 3103 ·
2203 3096 2253 3127 eo

258 3132 289 3149 Χ
