2531 3394
654 123 701 185 §-
739 132 847 185 928.
918 125 1300 178 Arsames
1344 98 1450 178 vox
1495 128 1802 184 HALLER.
2150 152 2240 200 197

324 251 579 301 Consilium
600 265 755 302 tamen
787 257 910 303 aliud
942 254 1052 303 mihi
1082 254 1348 316 perfeliciter
1371 256 1418 302 in
1445 269 1642 303 mentem
1663 262 1805 314 venit.
1874 264 1993 311 Cum
2027 257 2264 314 1111111ἕ1Ὁ-7

183 314 268 365 ‘sos
295 319 336 365 ἃ
367 318 603 378 diligentes
630 320 818 380 juvenes
845 321 1042 366 viderem
1065 320 1121 364 ad
1147 335 1313 365 novam
1337 319 1624 366 Academiam
1650 324 1890 378 confluere,
1921 330 1961 373 δι
1987 330 2035 375 in
2066 332 2235 379 GEOR-

129 434 132 439 ,
197 395 287 428 GlA
314 383 548 428 AUGUSTA
578 380 779 430 summos
799 383 995 429 honores
1021 383 1214 435 ambire,
1252 381 1506 437 suadebam,
1540 395 1593 430 ut
1629 383 1817 446 quisque
1850 402 1943 435 erat
1971 394 2140 438 elatiori
2167 396 2236 440 in-

199 441 360 505 genio,
388 443 470 490 fibi
494 458 546 491 ut
570 447 766 507 aliquam
793 444 1022 492 difficilem
1055 458 1226 506 partem
1249 459 1507 500 anatomeS,
1544 460 1624 494 aut
1651 450 1940 508 quaestionem
1970 455 2238 516 physiologi.

199 523 296 554 cam
328 506 547 562 sumeret,
584 510 633 556 in
660 527 748 569 qua
775 508 979 556 ornanda
1003 525 1080 568 per
1105 508 1214 556 duas
1247 508 1416 556 hiemes
1445 526 1755 570 occuparetur.
1835 515 2115 563 Cadaverum
2145 533 2237 567 erat

139 593 144 596 ·
196 566 326 625 satis,
363 573 529 631 quibus
557 585 818 625 uterentur,
855 572 1129 633 adjuvabam
1163 586 1215 619 ut
1248 585 1448 632 poteram
1474 576 1695 633 juvenum
1730 576 1896 630 studia,
1938 581 2238 639 experimenta

198 637 246 680 in
274 638 407 682 variis
448 637 716 682 animalibus
744 637 952 695 pleraque
993 634 1083 695 ipse
1106 634 1347 690 faciebam,
1397 654 1497 696 quae
1522 636 1652 698 supra
1685 638 1967 704 fidemsserte
2005 642 2241 690 numerosa

200 697 298 745 feci.
367 699 436 745 Ita
461 716 562 745 cum
595 701 743 759 plures
774 699 965 759 juvenes
995 696 1387 760 eodem*tempore
1420 702 1563 761 majus
1596 704 1744 759 otium
1781 705 1927 750 unicae
1960 707 2075 764 parti
2109 707 2239 752 bonae

200 764 307 808 artis
334 763 669 822 impenderent,
708 764 841 822 longe
866 764 967 822 plus
987 760 1238 821 profectum
1266 762 1353 815 est,
1388 780 1522 824 quam
1550 767 1643 812 ulla
1663 783 1762 812 mea
1785 767 2005 815 industria
2034 768 2245 830 potuiffet

202 824 375 885 profici.
444 827 592 872 Laetor
619 827 754 871 etiam
787 841 936 878 nunc,
983 825 1166 885 quando
1188 827 1284 872 ILL.
1313 828 1572 882 MEKELn,
1618 830 1730 876 boni
1756 833 2102 885 ANDERSCHH,
2136 834 2245 878 alio-

201 906 302 940 rum
324 885 565 948 ⁴exquisitas
597 905 842 934 nervorum
871 887 1218 949 descriptiones,
1250 891 1433 949 quando
1465 891 1730 939 laboriosam
1760 895 1882 941 illam
1914 897 2071 941 ovium
2103 894 2248 942 custo-

201 954 349 1006 diam,
395 968 527 1012 quam
562 953 610 997 in
642 950 685 998 se
720 952 1110 999 KUHLEMANNUS
1151 951 1370 1013 suscepit,
1422 956 1705 1016 aliorumque
1740 958 1962 1017 juvenum
2003 956 2248 1005 seliciffima

199 1014 440 1076 specimina
466 1028 634 1075 repeto.
702 1016 864 1074 Neque
893 1033 948 1062 ex
979 1014 1065 1062 hoc
1087 1016 1297 1063 instituto
1318 1018 1366 1063 in
1387 1016 1665 1081 physiologia
1685 1021 1799 1067 nihil
1828 1023 1940 1069 lucis
1976 1021 2167 1069 adfulfit.

331 1112 506 1157 Verum
529 1122 582 1156 ut
609 1108 714 1157 sunt
735 1127 803 1157 res
824 1110 1037 1158 humanae
1061 1110 1353 1172 imperfectae,
1402 1113 1481 1174 qui
1518 1131 1542 1160 a
1574 1116 1731 1163 clinica
1764 1119 1891 1178 praxi
1919 1118 1974 1165 ad
2000 1131 2246 1166 anatomen

201 1175 378 1222 fueram
401 1177 660 1228 advocatus,
696 1192 745 1220 ea
769 1174 912 1221 studia
937 1174 1135 1221 deserere
1165 1180 1344 1223 coactus
1369 1176 1461 1231 fui,
1506 1179 1560 1224 ab
1581 1180 1764 1226 infirma
1795 1183 2067 1236 valetudine,
2098 1181 2245 1228 somni

204 1238 405 1292 defectu,
441 1254 602 1284 manus
639 1238 807 1284 dextrae
840 1239 1070 1285 debilitate
1103 1238 1324 1300 paralysin
1354 1242 1612 1296 minitante,
1649 1243 1826 1291 theatro
1853 1247 1894 1291 ἃ
1924 1245 2134 1293 cathedra
2173 1246 2248 1292 de-

205 1301 374 1367 pulsus.
457 1302 697 1354 Honores,
732 1303 931 1355 reditus,
971 1303 1184 1349 cariorem
1211 1302 1281 1349 his
1303 1305 1514 1352 omnibus
1544 1304 1664 1366 spem
1699 1306 1898 1354 discendi
1938 1312 1979 1356 Ec
2008 1308 2250 1369 proficien-

205 1366 277 1418 di,
310 1366 542 1411 immolare
576 1365 715 1411 debui
751 1367 853 1412 vitae
884 1365 1200 1413 conservandae
1232 1369 1273 1414 Sc
1304 1369 1571 1415 valetudini.
1641 1372 1696 1416 In
1719 1372 1864 1418 Patria
1895 1371 2247 1419 alieniffimi‘me

202 1430 378 1476 labores
403 1427 743 1488 exspecstabant,
781 1445 894 1489 quos
924 1429 1037 1475 mihi
1065 1429 1145 1476 ess'e
1166 1429 1400 1490 impositos
1433 1432 1597 1492 posteri
1618 1434 1698 1480 vix
1718 1436 1931 1489 credent,
1973 1436 2053 1483 nisi
2091 1437 2169 1496 qui
2200 1438 2249 1482 li-

161 1529 178 1537 -
202 1494 412 1539 betarum
439 1509 612 1543 rerum,
653 1492 935 1552 publicarum
958 1494 1143 1554 genium
1166 1492 1485 1554 perspexerint.
1566 1498 1635 1544 De
1660 1497 1784 1545 horis
1809 1510 1958 1545 tamen
1987 1501 2141 1560 patriae
2177 1501 2250 1546 de-

160 1560 164 1563 ’
205 1558 310 1602 bitis
337 1557 507 1615 aliquas
535 1555 646 1601 mihi
674 1555 859 1602 servavi.
930 1558 983 1603 In
1006 1570 1134 1604 motu
1165 1556 1396 1619 sanguinis
1419 1558 1644 1607 subtiliter
1669 1563 1905 1616 rimand03
1943 1564 1991 1609 in
2018 1562 2176 1610 offium
2207 1565 2251 1609 &

204 1618 398 1666 universi
426 1618 544 1665 fetus
566 1617 837 1666 formatione
864 1618 1154 1680 speculanda,
1188 1622 1237 1667 in
1269 1624 1602 1682 praegnantium
1635 1626 1898 1673 animalium
1927 1626 2258 1679 incisionibus„

163 1727 168 1731 ,
200 1687 252 1731 in
286 1682 458 1729 cerebri
488 1685 528 1730 St
568 1684 805 1729 oculorum
838 1697 1073 1738 anatome,
1116 1685 1165 1731 in
1201 1685 1518 1733 morbosorum
1554 1687 1821 1735 cadaverum
1845 1688 2121 1750 inspectione
2145 1724 2157 1744 ,
2199 1700 2252 1737 ut

205 1748 366 1808 potui,
402 1763 673 1807 occupatus,
711 1749 859 1808 aliqua
886 1745 1037 1794 tamen
1061 1761 1181 1808 parte
1206 1752 1468 1796 anatomicae
1497 1752 1582 1797 arti
1606 1769 1740 1811 porro
1762 1752 1938 1800 adhaesi.

336 1830 608 1875 Felicitatem
635 1830 812 1875 Armm
838 1828 1007 1890 semper
1030 1831 1235 1884 laudavi,
1275 1833 1316 1877 &
1340 1848 1450 1891 pene
1470 1832 1747 1888 invidissem,
1785 1833 1867 1882 nisi
1895 1835 2006 1882 adeo
2034 1835 2150 1883 bene
2183 1837 2254 1883 vir

209 1891 410 1939 summus
440 1890 546 1938 usus
584 1891 685 1937 effet
718 1894 1085 1952 opportunitate,
1123 1911 1224 1953 quae
1256 1893 1334 1953 ipsi
1360 1893 1449 1941 fuit
1477 1898 1685 1943 maxima.
1754 1899 1896 1960 Supra
1921 1901 2254 1960 quinquaginta

212 1972 356 2002 annos
383 1956 450 2001 vir
474 1957 572 2002 ILL.
598 1957 746 2001 unicae
768 1957 852 2002 arti
875 1957 999 2003 dedit
1016 1992 1028 2010 ,
1063 1959 1200 2004 nullis
1230 1959 1328 2004 aliis
1358 1957 1519 2006 officiis
1544 1960 1806 2014 distractus,
1855 1980 2014 2010 omnes
2040 1963 2141 2010 suas
2173 1963 2255 2009 ho-
2307 1962 2309 1968 ¹

209 2037 278 2066 ras
307 2018 588 2079 perficiendae
614 2022 699 2065 arti
726 2021 878 2079 potuit
900 2021 1173 2081 impendere.
1241 2024 1308 2068 M.
1335 2039 1432 2068 mea
1454 2022 1546 2070 sors
1571 2025 1625 2069 ad
1649 2026 1791 2071 varias
1817 2027 1931 2086 juris
1957 2027 2136 2073 dicendi
2153 2044 2257 2087 pro-

209 2083 398 2136 vincias,
427 2083 480 2128 ad
498 2081 760 2129 laboriosam
780 2081 1102 2142 praefecturam,
1136 2084 1191 2131 ad
1207 2101 1361 2131 curam
1378 2087 1669 2147 Reipublicae,
1707 2090 1747 2134 &
1762 2087 1967 2136 difficiles
1979 2106 2082 2136 cum
2095 2090 2257 2136 vicinis

212 2148 345 2193 rebus
379 2146 568 2207 publicis
596 2148 637 2192 &
671 2147 849 2206 regibus
881 2149 1239 2207 negotiationes,
1274 2149 1329 2194 ad
1360 2166 1460 2209 quae
1490 2167 1583 2196 non
1619 2152 1706 2197 alia
1735 2152 1921 2210 depulit.
2015 2153 2258 2213 Ignoscent

213 2227 317 2271 ergo
343 2209 456 2255 boni
474 2210 660 2269 posteri,
692 2208 723 2255 si
748 2212 867 2256 ultra
894 2227 967 2264 ea,
1007 2228 1107 2272 quae
1139 2213 1283 2272 potui,
1313 2229 1407 2258 non
1436 2213 1629 2272 profeci,
1665 2213 1696 2260 fi
1719 2213 1872 2275 paffim
1891 2216 2150 2276 imperfesta
2178 2218 2256 2262 ali-

215 2290 303 2331 qua
331 2274 517 2332 reliqui,
543 2272 573 2319 fi
598 2272 689 2332 ipse
716 2290 819 2319 011111
846 2291 940 2320 non
970 2274 1167 2320 vidissem
1187 2276 1366 2329 omnia,
1394 2277 1542 2336 aliqua
1570 2281 1748 2332 coaetus
1763 2278 1859 2325 sum
1886 2281 1939 2325 ab
1957 2281 2054 2325 aliis
2069 2278 2256 2326 sumere.

212 2336 512 2383 Voluntatem
526 2338 744 2396 probent,
780 2354 918 2398 rogo,
957 2340 996 2385 &
1014 2337 1293 2386 infirmitatis
1304 2338 1514 2386 humana:
1532 2341 2014 2403 vestigiaindulgentes
2030 2341 2256 2390 excusent.

342 2418 481 2464 Nunc
508 2421 665 2464 auctor
690 2419 977 2465 Bibliothecae
1000 2419 1146 2472 dicat,
1177 2436 1275 2466 non
1299 2422 1581 2469 HALLERUS.

343 2498 571 2557 Tubingae
593 2497 674 2545 sub
704 2498 904 2558 praesidio
933 2500 1200 2548 AUCTORIS
1234 2507 1282 2556 J.
1317 2506 1488 2564 Georgii
1515 2505 1809 2554 DUVERNOY
1839 2522 1877 2553 a.
1904 2517 2038 2565 1725.
2071 2502 2153 2563 4)(ν
2186 2494 2272 2550 de}

213 2560 364 2617 fendit
394 2564 662 2609 HALLERUS
689 2561 798 2623 disp.
822 2564 874 2609 de
894 2563 1667 2624 dufflzfizlivaliCoscnw1ziAN0.

178 2700 180 2705 y
344 2644 414 2689 De
446 2643 605 2689 eodem
636 2643 800 2696 ductu,
839 2643 940 2691 visis
969 2645 1088 2704 apud
1117 2643 1261 2705 ipsum
1289 2647 1577 2695 inventorem
1605 2651 1733 2696 venis
1752 2685 1764 2703 ,
1802 2667 1911 2710 quas
1940 2667 2017 2710 pro
2039 2649 2177 2695 duem
2197 2647 2261 2695 sa-

218 2708 346 2756 livali
370 2705 600 2759 habuerat,
633 2707 782 2753 Leidae
809 2709 998 2767 repetita
1010 2707 1087 2754 sua
1109 2725 1249 2756 manu
1278 2710 1495 2757 incisione
1523 2714 1715 2773 linguae,
1748 2716 1941 2773 partium
1971 2714 2224 2759 vicinarum
2242 2748 2253 2764 ,

218 2775 261 2818 ἃ
280 2768 553 2831 potiffimum
583 2771 861 2823 arteriarum,
892 2772 1033 2817 edidit
1056 2772 1203 2818 Leidae
1226 2785 1362 2831 1727.
1386 2778 1460 2833 4*
1483 2774 1833 2836 disputationem
1851 2811 1862 2828 ,
1898 2793 1981 2835 qua
2003 2781 2263 2837 experimen-

221 2847 267 2881 ta
302 2832 359 2889 ἓξ
385 2832 516 2879 dubia
548 2837 662 2880 circa
691 2834 860 2879 duci'um
875 2834 1102 2893 sali-valent
1126 2853 1284 2882 novum
1304 2839 1752 2886 COSCvalZIANUM
1777 2839 2108 2898 producuntur.
2176 2840 2263 2885 Re-

221 2895 323 2943 cusa
348 2896 408 2942 est
434 2897 483 2942 in
512 2901 694 2958 Operum
724 2902 935 2944 minorum
958 2900 1014 2945 T.
1030 2900 1066 2946 I.
1105 2899 1353 2946 Lausannae
1379 2909 1513 2960 1762.
1534 2901 1612 2960 4*
1645 2903 1830 2960 paulum
1859 2902 2107 2948 emendata.
2173 2901 2263 2947 Ve‘

220 2959 461 3014 narn‘effe,
498 2977 631 3020 quam
667 2962 1028 3011 Coscflwizms
1068 2980 1149 3025 pro
1187 2964 1326 3011 ductu
1369 2964 1613 3017 habuisset,
1652 2963 1710 3011 cb
1747 2962 1906 3014 faciem
1935 2967 2080 3015 multo
2110 2981 2261 3014 venae,

1059 3045 1065 3048 >
1264 3029 1297 3073 Β
1317 3029 1344 3076 b
1378 3040 1402 3083 3
2130 3042 2264 3088 quam
