<?xml version="1.0" encoding="UTF-8"?>
<!DOCTYPE html PUBLIC "-//W3C//DTD XHTML 1.0 Transitional//EN"
    "http://www.w3.org/TR/xhtml1/DTD/xhtml1-transitional.dtd">
<html xmlns="http://www.w3.org/1999/xhtml" xml:lang="en" lang="en">
 <head>
  <title>
</title>
<meta http-equiv="Content-Type" content="text/html;charset=utf-8" />
  <meta name='ocr-system' content='tesseract 3.04.00' />
  <meta name='ocr-capabilities' content='ocr_page ocr_carea ocr_par ocr_line ocrx_word'/>
</head>
<body>
  <div class='ocr_page' id='page_1' title='image "bibliothecaanato02hall_0578.png"; bbox 0 0 2531 3394; ppageno 0'>
   <div class='ocr_carea' id='block_1_1' title="bbox 209 89 1937 193">
    <p class='ocr_par' dir='ltr' id='par_1_1' title="bbox 209 89 1937 193">
     <span class='ocr_line' id='line_1_1' title="bbox 209 89 1937 193; baseline 0.001 -16"><span class='ocrx_word' id='word_1_1' title='bbox 209 178 223 193; x_wconf 59' lang='lat'><strong>.</strong></span> <span class='ocrx_word' id='word_1_2' title='bbox 288 118 381 190; x_wconf 63' lang='lat'><strong>553</strong></span> <span class='ocrx_word' id='word_1_3' title='bbox 660 128 805 176; x_wconf 55' lang='grc' dir='ltr'><strong><em>ἰη-ς.</em></strong></span> <span class='ocrx_word' id='word_1_4' title='bbox 853 129 948 175; x_wconf 79' lang='lat' dir='ltr'><strong>lx.</strong></span> <span class='ocrx_word' id='word_1_5' title='bbox 1013 122 1438 174; x_wconf 69' lang='lat' dir='ltr'><strong>ANAToMI-:s</strong></span> <span class='ocrx_word' id='word_1_6' title='bbox 1484 89 1937 184; x_wconf 55' lang='lat' dir='ltr'><strong>masmim.</strong></span> 
     </span>
    </p>
   </div>
   <div class='ocr_carea' id='block_1_2' title="bbox 285 203 2473 298">
    <p class='ocr_par' dir='ltr' id='par_1_2' title="bbox 285 203 2473 298">
     <span class='ocr_line' id='line_1_2' title="bbox 285 203 2473 298; baseline 0 -24"><span class='ocrx_word' id='word_1_7' title='bbox 285 225 572 298; x_wconf 79' lang='lat' dir='ltr'><strong>meningem‚</strong></span> <span class='ocrx_word' id='word_1_8' title='bbox 602 221 734 272; x_wconf 80' lang='lat' dir='ltr'><strong>sensu</strong></span> <span class='ocrx_word' id='word_1_9' title='bbox 759 241 921 272; x_wconf 86' lang='lat' dir='ltr'><strong>carere.</strong></span> <span class='ocrx_word' id='word_1_10' title='bbox 990 235 1034 272; x_wconf 84' lang='lat'><strong>2.</strong></span> <span class='ocrx_word' id='word_1_11' title='bbox 1069 225 1245 271; x_wconf 84' lang='lat' dir='ltr'><strong>Partem</strong></span> <span class='ocrx_word' id='word_1_12' title='bbox 1280 220 1453 269; x_wconf 84' lang='lat' dir='ltr'><strong>cerebri</strong></span> <span class='ocrx_word' id='word_1_13' title='bbox 1485 218 1719 275; x_wconf 86' lang='lat' dir='ltr'><strong>definivit,</strong></span> <span class='ocrx_word' id='word_1_14' title='bbox 1756 223 1806 269; x_wconf 89' lang='lat' dir='ltr'><strong>in</strong></span> <span class='ocrx_word' id='word_1_15' title='bbox 1830 241 1934 284; x_wconf 81' lang='lat' dir='ltr'><strong>qua·</strong></span> <span class='ocrx_word' id='word_1_16' title='bbox 1954 222 2056 285; x_wconf 64' lang='lat' dir='ltr'><strong>laesa</strong></span> <span class='ocrx_word' id='word_1_17' title='bbox 2077 203 2347 275; x_wconf 63' lang='lat' dir='ltr'><strong>convnffim&#39;</strong></span> <span class='ocrx_word' id='word_1_18' title='bbox 2438 248 2473 255; x_wconf 88' lang='grc'><strong>-</strong></span> 
     </span>
    </p>
   </div>
   <div class='ocr_carea' id='block_1_3' title="bbox 283 285 2342 667">
    <p class='ocr_par' dir='ltr' id='par_1_3' title="bbox 283 285 2342 667">
     <span class='ocr_line' id='line_1_3' title="bbox 286 285 2340 349; baseline 0 -13"><span class='ocrx_word' id='word_1_19' title='bbox 286 306 368 337; x_wconf 86' lang='lat' dir='ltr'><strong>nes</strong></span> <span class='ocrx_word' id='word_1_20' title='bbox 392 300 601 343; x_wconf 81' lang='lat' dir='ltr'><strong>cientur3</strong></span> <span class='ocrx_word' id='word_1_21' title='bbox 637 289 803 349; x_wconf 88' lang='lat' dir='ltr'><strong>reperit</strong></span> <span class='ocrx_word' id='word_1_22' title='bbox 826 287 907 335; x_wconf 77' lang='lat' dir='ltr'><strong>effe</strong></span> <span class='ocrx_word' id='word_1_23' title='bbox 935 304 1123 349; x_wconf 90' lang='lat' dir='ltr'><strong>corpora</strong></span> <span class='ocrx_word' id='word_1_24' title='bbox 1149 287 1314 333; x_wconf 83' lang='lat' dir='ltr'><strong>striata.</strong></span> <span class='ocrx_word' id='word_1_25' title='bbox 1386 296 1426 340; x_wconf 82' lang='lat'><strong>3.</strong></span> <span class='ocrx_word' id='word_1_26' title='bbox 1462 285 1534 330; x_wconf 90' lang='lat' dir='ltr'><strong>De</strong></span> <span class='ocrx_word' id='word_1_27' title='bbox 1564 301 1729 345; x_wconf 89' lang='lat' dir='ltr'><strong>magno</strong></span> <span class='ocrx_word' id='word_1_28' title='bbox 1760 301 1997 345; x_wconf 83' lang='lat' dir='ltr'><strong>momento</strong></span> <span class='ocrx_word' id='word_1_29' title='bbox 2018 305 2245 337; x_wconf 86' lang='lat' dir='ltr'><strong>novorum</strong></span> <span class='ocrx_word' id='word_1_30' title='bbox 2279 291 2340 338; x_wconf 70' lang='lat' dir='ltr'><strong>in,</strong></span> 
     </span>
     <span class='ocr_line' id='line_1_4' title="bbox 284 346 2342 412; baseline -0.002 -12"><span class='ocrx_word' id='word_1_31' title='bbox 284 352 574 401; x_wconf 71' lang='lat' dir='ltr'><strong>sensibilitate</strong></span> <span class='ocrx_word' id='word_1_32' title='bbox 603 355 644 400; x_wconf 86' lang='lat'>&amp;</span> <span class='ocrx_word' id='word_1_33' title='bbox 672 353 977 400; x_wconf 85' lang='lat' dir='ltr'><strong>irritabilitate</strong></span> <span class='ocrx_word' id='word_1_34' title='bbox 1007 352 1455 410; x_wconf 80' lang='lat' dir='ltr'><strong>experimentorum3</strong></span> <span class='ocrx_word' id='word_1_35' title='bbox 1493 346 1638 408; x_wconf 86' lang='lat' dir='ltr'><strong>deque</strong></span> <span class='ocrx_word' id='word_1_36' title='bbox 1669 351 1909 410; x_wconf 87' lang='lat' dir='ltr'><strong>utriusque</strong></span> <span class='ocrx_word' id='word_1_37' title='bbox 1939 355 2152 412; x_wconf 71' lang='lat' dir='ltr'><strong>potentiae</strong></span> <span class='ocrx_word' id='word_1_38' title='bbox 2188 352 2342 402; x_wconf 76' lang='lat' dir='ltr'><strong>discri-</strong></span> 
     </span>
     <span class='ocr_line' id='line_1_5' title="bbox 285 413 2336 479; baseline 0 -15"><span class='ocrx_word' id='word_1_39' title='bbox 285 417 425 464; x_wconf 86' lang='lat' dir='ltr'><strong>mine.</strong></span> <span class='ocrx_word' id='word_1_40' title='bbox 493 417 815 479; x_wconf 87' lang='lat' dir='ltr'><strong>Experimenta</strong></span> <span class='ocrx_word' id='word_1_41' title='bbox 842 418 992 476; x_wconf 86' lang='lat' dir='ltr'><strong>aliqua</strong></span> <span class='ocrx_word' id='word_1_42' title='bbox 1017 415 1072 461; x_wconf 86' lang='lat' dir='ltr'><strong>ad</strong></span> <span class='ocrx_word' id='word_1_43' title='bbox 1099 413 1484 464; x_wconf 77' lang='lat' dir='ltr'><strong>irritabilitatem3</strong></span> <span class='ocrx_word' id='word_1_44' title='bbox 1520 413 1575 458; x_wconf 88' lang='lat' dir='ltr'><strong>ad</strong></span> <span class='ocrx_word' id='word_1_45' title='bbox 1603 424 1783 460; x_wconf 88' lang='lat' dir='ltr'><strong>motum</strong></span> <span class='ocrx_word' id='word_1_46' title='bbox 1803 413 1973 474; x_wconf 81' lang='lat' dir='ltr'><strong>cerebri</strong></span> <span class='ocrx_word' id='word_1_47' title='bbox 1999 432 2025 462; x_wconf 86' lang='lat' dir='ltr'><strong>a</strong></span> <span class='ocrx_word' id='word_1_48' title='bbox 2043 415 2336 477; x_wconf 84' lang='lat' dir='ltr'><strong>respiratione</strong></span> 
     </span>
     <span class='ocr_line' id='line_1_6' title="bbox 283 474 2340 540; baseline 0 -12"><span class='ocrx_word' id='word_1_49' title='bbox 283 479 555 528; x_wconf 85' lang='lat' dir='ltr'><strong>nascentem.</strong></span> <span class='ocrx_word' id='word_1_50' title='bbox 622 494 667 540; x_wconf 89' lang='lat'><strong>4.</strong></span> <span class='ocrx_word' id='word_1_51' title='bbox 705 481 841 527; x_wconf 86' lang='lat' dir='ltr'><strong>Varia</strong></span> <span class='ocrx_word' id='word_1_52' title='bbox 862 482 1028 526; x_wconf 85' lang='lat' dir='ltr'><strong>iterum</strong></span> <span class='ocrx_word' id='word_1_53' title='bbox 1053 478 1362 538; x_wconf 84' lang='lat' dir='ltr'><strong>experimenta</strong></span> <span class='ocrx_word' id='word_1_54' title='bbox 1390 476 1445 521; x_wconf 88' lang='lat' dir='ltr'><strong>ad</strong></span> <span class='ocrx_word' id='word_1_55' title='bbox 1473 474 1791 523; x_wconf 85' lang='lat' dir='ltr'><strong>convulfiones</strong></span> <span class='ocrx_word' id='word_1_56' title='bbox 1817 494 1841 524; x_wconf 90' lang='lat' dir='ltr'><strong>a</strong></span> <span class='ocrx_word' id='word_1_57' title='bbox 1876 476 1983 524; x_wconf 85' lang='lat' dir='ltr'><strong>laeso</strong></span> <span class='ocrx_word' id='word_1_58' title='bbox 2008 494 2195 539; x_wconf 89' lang='lat' dir='ltr'><strong>corpore</strong></span> <span class='ocrx_word' id='word_1_59' title='bbox 2214 481 2340 529; x_wconf 83' lang='lat' dir='ltr'><strong>stria-</strong></span> 
     </span>
     <span class='ocr_line' id='line_1_7' title="bbox 284 539 2341 599; baseline 0 -7"><span class='ocrx_word' id='word_1_60' title='bbox 284 554 335 592; x_wconf 75' lang='lat' dir='ltr'><strong>to</strong></span> <span class='ocrx_word' id='word_1_61' title='bbox 348 555 501 599; x_wconf 83' lang='lat' dir='ltr'><strong>natas,</strong></span> <span class='ocrx_word' id='word_1_62' title='bbox 535 543 852 592; x_wconf 85' lang='lat' dir='ltr'><strong>adinsensilem</strong></span> <span class='ocrx_word' id='word_1_63' title='bbox 876 554 1086 588; x_wconf 89' lang='lat' dir='ltr'><strong>naturam</strong></span> <span class='ocrx_word' id='word_1_64' title='bbox 1113 542 1314 588; x_wconf 86' lang='lat' dir='ltr'><strong>tendinis</strong></span> <span class='ocrx_word' id='word_1_65' title='bbox 1332 574 1344 593; x_wconf 84' lang='lat'><strong>,</strong></span> <span class='ocrx_word' id='word_1_66' title='bbox 1381 539 1506 585; x_wconf 77' lang='lat' dir='ltr'><strong>durae</strong></span> <span class='ocrx_word' id='word_1_67' title='bbox 1530 541 1803 588; x_wconf 70' lang='lat' dir='ltr'><strong>membranae</strong></span> <span class='ocrx_word' id='word_1_68' title='bbox 1828 542 2021 594; x_wconf 86' lang='lat' dir='ltr'><strong>cerebri,</strong></span> <span class='ocrx_word' id='word_1_69' title='bbox 2060 544 2102 589; x_wconf 74' lang='grc' dir='ltr'><strong>δι</strong></span> <span class='ocrx_word' id='word_1_70' title='bbox 2126 543 2341 592; x_wconf 84' lang='lat' dir='ltr'><strong>adirrita-</strong></span> 
     </span>
     <span class='ocr_line' id='line_1_8' title="bbox 283 602 2340 667; baseline 0 -11"><span class='ocrx_word' id='word_1_71' title='bbox 283 609 523 657; x_wconf 81' lang='lat' dir='ltr'><strong>bilitatem.</strong></span> <span class='ocrx_word' id='word_1_72' title='bbox 617 621 657 667; x_wconf 91' lang='lat'><strong>5.</strong></span> <span class='ocrx_word' id='word_1_73' title='bbox 694 609 865 655; x_wconf 89' lang='lat' dir='ltr'><strong>Iterum</strong></span> <span class='ocrx_word' id='word_1_74' title='bbox 900 605 1208 667; x_wconf 87' lang='lat' dir='ltr'><strong>experimenta</strong></span> <span class='ocrx_word' id='word_1_75' title='bbox 1239 605 1294 651; x_wconf 80' lang='lat' dir='ltr'><strong>ad</strong></span> <span class='ocrx_word' id='word_1_76' title='bbox 1327 602 1476 650; x_wconf 83' lang='lat' dir='ltr'><strong>sedern</strong></span> <span class='ocrx_word' id='word_1_77' title='bbox 1515 603 1686 651; x_wconf 83' lang='lat' dir='ltr'><strong>cerebri</strong></span> <span class='ocrx_word' id='word_1_78' title='bbox 1723 603 2055 660; x_wconf 84' lang='lat' dir='ltr'><strong>definiendam,</strong></span> <span class='ocrx_word' id='word_1_79' title='bbox 2099 623 2199 667; x_wconf 85' lang='lat' dir='ltr'><strong>quae</strong></span> <span class='ocrx_word' id='word_1_80' title='bbox 2238 607 2340 657; x_wconf 67' lang='lat' dir='ltr'><strong>laest</strong></span> 
     </span>
    </p>
   </div>
   <div class='ocr_carea' id='block_1_4' title="bbox 284 671 728 722">
    <p class='ocr_par' dir='ltr' id='par_1_4' title="bbox 284 671 728 722">
     <span class='ocr_line' id='line_1_9' title="bbox 284 671 728 722; baseline -0.009 0"><span class='ocrx_word' id='word_1_81' title='bbox 284 671 602 722; x_wconf 75' lang='lat' dir='ltr'><strong>convulsiones</strong></span> <span class='ocrx_word' id='word_1_82' title='bbox 626 673 728 719; x_wconf 88' lang='lat' dir='ltr'><strong>ciet.</strong></span> 
     </span>
    </p>
   </div>
   <div class='ocr_carea' id='block_1_5' title="bbox 270 748 2340 1131">
    <p class='ocr_par' dir='ltr' id='par_1_5' title="bbox 270 748 2340 1131">
     <span class='ocr_line' id='line_1_10' title="bbox 408 748 2340 815; baseline -0.001 -13"><span class='ocrx_word' id='word_1_83' title='bbox 408 755 542 804; x_wconf 81' lang='lat' dir='ltr'><strong>IDEM</strong></span> <span class='ocrx_word' id='word_1_84' title='bbox 567 756 651 801; x_wconf 86' lang='lat' dir='ltr'><strong>CL.</strong></span> <span class='ocrx_word' id='word_1_85' title='bbox 674 754 913 800; x_wconf 75' lang='lat' dir='ltr'><strong>Houssm-</strong></span> <span class='ocrx_word' id='word_1_86' title='bbox 951 767 1097 812; x_wconf 89' lang='lat' dir='ltr'><strong>nuper</strong></span> <span class='ocrx_word' id='word_1_87' title='bbox 1121 748 1371 798; x_wconf 78' lang='lat' dir='ltr'><strong>Lausannae</strong></span> <span class='ocrx_word' id='word_1_88' title='bbox 1398 762 1535 808; x_wconf 86' lang='lat'><strong>1770.</strong></span> <span class='ocrx_word' id='word_1_89' title='bbox 1563 750 1637 804; x_wconf 67' lang='grc'><strong>8.*</strong></span> <span class='ocrx_word' id='word_1_90' title='bbox 1678 750 1818 797; x_wconf 86' lang='lat' dir='ltr'><strong>edidit</strong></span> <span class='ocrx_word' id='word_1_91' title='bbox 1857 749 1949 797; x_wconf 80' lang='lat' dir='ltr'><strong>diff.</strong></span> <span class='ocrx_word' id='word_1_92' title='bbox 1977 751 2058 812; x_wconf 84' lang='lat' dir='ltr'><strong>sur</strong></span> <span class='ocrx_word' id='word_1_93' title='bbox 2092 752 2151 799; x_wconf 83' lang='lat' dir='ltr'><strong>les</strong></span> <span class='ocrx_word' id='word_1_94' title='bbox 2170 758 2340 815; x_wconf 62' lang='lat' dir='ltr'><strong>parties</strong></span> 
     </span>
     <span class='ocr_line' id='line_1_11' title="bbox 270 814 2337 881; baseline -0.001 -14"><span class='ocrx_word' id='word_1_95' title='bbox 270 818 462 880; x_wconf 79' lang='lat' dir='ltr'><strong>Jenfibles</strong></span> <span class='ocrx_word' id='word_1_96' title='bbox 489 819 549 866; x_wconf 83' lang='lat' dir='ltr'><strong>du</strong></span> <span class='ocrx_word' id='word_1_97' title='bbox 569 830 689 879; x_wconf 81' lang='lat' dir='ltr'><em>corps</em></span> <span class='ocrx_word' id='word_1_98' title='bbox 717 816 891 862; x_wconf 79' lang='lat' dir='ltr'><strong>animal.</strong></span> <span class='ocrx_word' id='word_1_99' title='bbox 959 817 1023 863; x_wconf 89' lang='lat' dir='ltr'><strong>Ut</strong></span> <span class='ocrx_word' id='word_1_100' title='bbox 1057 815 1248 861; x_wconf 88' lang='lat' dir='ltr'><strong>debeant</strong></span> <span class='ocrx_word' id='word_1_101' title='bbox 1284 814 1380 860; x_wconf 71' lang='lat' dir='ltr'><strong>haec</strong></span> <span class='ocrx_word' id='word_1_102' title='bbox 1412 814 1722 874; x_wconf 84' lang='lat' dir='ltr'><strong>experimenta</strong></span> <span class='ocrx_word' id='word_1_103' title='bbox 1748 814 1880 862; x_wconf 84' lang='lat' dir='ltr'><strong>fieri:</strong></span> <span class='ocrx_word' id='word_1_104' title='bbox 1923 817 2145 881; x_wconf 66' lang='lat' dir='ltr'><strong>neglectas</strong></span> <span class='ocrx_word' id='word_1_105' title='bbox 2171 817 2252 863; x_wconf 81' lang='lat' dir='ltr'><strong>effe</strong></span> <span class='ocrx_word' id='word_1_106' title='bbox 2281 819 2337 865; x_wconf 91' lang='lat' dir='ltr'><strong>ab</strong></span> 
     </span>
     <span class='ocr_line' id='line_1_12' title="bbox 281 877 2337 939; baseline -0.001 -8"><span class='ocrx_word' id='word_1_107' title='bbox 281 881 542 931; x_wconf 83' lang='lat' dir='ltr'><strong>adversariis</strong></span> <span class='ocrx_word' id='word_1_108' title='bbox 578 884 676 939; x_wconf 83' lang='lat' dir='ltr'><strong>(M.</strong></span> <span class='ocrx_word' id='word_1_109' title='bbox 694 881 920 929; x_wconf 83' lang='lat' dir='ltr'>TANDON</span> <span class='ocrx_word' id='word_1_110' title='bbox 938 883 958 936; x_wconf 88' lang='lat'>)</span> <span class='ocrx_word' id='word_1_111' title='bbox 984 877 1240 926; x_wconf 71' lang='lat' dir='ltr'><strong>necessarias</strong></span> <span class='ocrx_word' id='word_1_112' title='bbox 1264 879 1474 924; x_wconf 82' lang='lat' dir='ltr'><strong>cautelas.</strong></span> <span class='ocrx_word' id='word_1_113' title='bbox 1513 877 1585 924; x_wconf 84' lang='lat' dir='ltr'><strong>Ad</strong></span> <span class='ocrx_word' id='word_1_114' title='bbox 1604 877 1883 938; x_wconf 66' lang='lat' dir='ltr'><strong>objectiones</strong></span> <span class='ocrx_word' id='word_1_115' title='bbox 1900 878 2143 939; x_wconf 70' lang='lat' dir='ltr'><strong>responsio,</strong></span> <span class='ocrx_word' id='word_1_116' title='bbox 2166 879 2337 929; x_wconf 82' lang='lat' dir='ltr'><strong>sumtas</strong></span> 
     </span>
     <span class='ocr_line' id='line_1_13' title="bbox 280 940 2338 1002; baseline -0.001 -8"><span class='ocrx_word' id='word_1_117' title='bbox 280 964 305 994; x_wconf 81' lang='lat' dir='ltr'><strong>a</strong></span> <span class='ocrx_word' id='word_1_118' title='bbox 316 959 459 999; x_wconf 79' lang='lat' dir='ltr'><strong>metu,</strong></span> <span class='ocrx_word' id='word_1_119' title='bbox 488 963 511 992; x_wconf 84' lang='lat' dir='ltr'><strong>a</strong></span> <span class='ocrx_word' id='word_1_120' title='bbox 527 945 734 992; x_wconf 86' lang='lat' dir='ltr'><strong>carnibus</strong></span> <span class='ocrx_word' id='word_1_121' title='bbox 749 944 931 990; x_wconf 87' lang='lat' dir='ltr'><strong>noviter</strong></span> <span class='ocrx_word' id='word_1_122' title='bbox 946 941 1332 989; x_wconf 81' lang='lat' dir='ltr'><strong>efflorescentibus</strong></span> <span class='ocrx_word' id='word_1_123' title='bbox 1352 944 1392 988; x_wconf 86' lang='lat'>&amp;</span> <span class='ocrx_word' id='word_1_124' title='bbox 1406 940 1721 989; x_wconf 85' lang='lat' dir='ltr'><strong>sentientibus.</strong></span> <span class='ocrx_word' id='word_1_125' title='bbox 1765 941 1861 1002; x_wconf 85' lang='lat' dir='ltr'><strong>Ipse</strong></span> <span class='ocrx_word' id='word_1_126' title='bbox 1876 943 2108 991; x_wconf 87' lang='lat' dir='ltr'><strong>tendinem</strong></span> <span class='ocrx_word' id='word_1_127' title='bbox 2124 946 2173 991; x_wconf 87' lang='lat' dir='ltr'><strong>in</strong></span> <span class='ocrx_word' id='word_1_128' title='bbox 2185 945 2338 995; x_wconf 84' lang='lat' dir='ltr'><strong>homi-</strong></span> 
     </span>
     <span class='ocr_line' id='line_1_14' title="bbox 276 1003 2336 1067; baseline -0.001 -8"><span class='ocrx_word' id='word_1_129' title='bbox 276 1025 337 1059; x_wconf 77' lang='lat' dir='ltr'><strong>ne</strong></span> <span class='ocrx_word' id='word_1_130' title='bbox 361 1010 475 1058; x_wconf 86' lang='lat' dir='ltr'><strong>vidit</strong></span> <span class='ocrx_word' id='word_1_131' title='bbox 499 1007 628 1056; x_wconf 84' lang='lat' dir='ltr'><strong>sensu</strong></span> <span class='ocrx_word' id='word_1_132' title='bbox 654 1019 895 1059; x_wconf 83' lang='lat' dir='ltr'><strong>carentem,</strong></span> <span class='ocrx_word' id='word_1_133' title='bbox 924 1006 1147 1067; x_wconf 85' lang='lat' dir='ltr'><strong>testesque</strong></span> <span class='ocrx_word' id='word_1_134' title='bbox 1166 1005 1377 1052; x_wconf 79' lang='lat' dir='ltr'><strong>similium</strong></span> <span class='ocrx_word' id='word_1_135' title='bbox 1399 1018 1651 1052; x_wconf 85' lang='lat' dir='ltr'><strong>eventuum</strong></span> <span class='ocrx_word' id='word_1_136' title='bbox 1680 1007 1888 1066; x_wconf 89' lang='lat' dir='ltr'><strong>producit</strong></span> <span class='ocrx_word' id='word_1_137' title='bbox 1912 1007 2032 1054; x_wconf 91' lang='lat' dir='ltr'><strong>D.D.</strong></span> <span class='ocrx_word' id='word_1_138' title='bbox 2049 1003 2336 1057; x_wconf 78' lang='lat' dir='ltr'>LESSERE&#39;&amp;</span> 
     </span>
     <span class='ocr_line' id='line_1_15' title="bbox 276 1068 2336 1131; baseline -0.001 -9"><span class='ocrx_word' id='word_1_139' title='bbox 276 1076 493 1122; x_wconf 73' lang='lat' dir='ltr'><strong>FARioN.</strong></span> <span class='ocrx_word' id='word_1_140' title='bbox 564 1076 715 1119; x_wconf 88' lang='lat' dir='ltr'><strong>Avum</strong></span> <span class='ocrx_word' id='word_1_141' title='bbox 750 1069 883 1117; x_wconf 86' lang='lat' dir='ltr'><strong>suum</strong></span> <span class='ocrx_word' id='word_1_142' title='bbox 922 1072 1080 1118; x_wconf 87' lang='lat' dir='ltr'><strong>duram</strong></span> <span class='ocrx_word' id='word_1_143' title='bbox 1107 1071 1413 1118; x_wconf 82' lang='lat' dir='ltr'><strong>membranam</strong></span> <span class='ocrx_word' id='word_1_144' title='bbox 1434 1068 1598 1131; x_wconf 78' lang='lat' dir='ltr'><strong>absque</strong></span> <span class='ocrx_word' id='word_1_145' title='bbox 1626 1082 1750 1117; x_wconf 89' lang='lat' dir='ltr'><strong>metu</strong></span> <span class='ocrx_word' id='word_1_146' title='bbox 1779 1069 2033 1118; x_wconf 82' lang='lat' dir='ltr'><strong>diffecuiffe.</strong></span> <span class='ocrx_word' id='word_1_147' title='bbox 2100 1074 2171 1120; x_wconf 91' lang='lat' dir='ltr'><strong>De</strong></span> <span class='ocrx_word' id='word_1_148' title='bbox 2192 1074 2336 1121; x_wconf 81' lang='lat' dir='ltr'><strong>nimia</strong></span> 
     </span>
    </p>
   </div>
   <div class='ocr_carea' id='block_1_6' title="bbox 271 1137 2334 1626">
    <p class='ocr_par' dir='ltr' id='par_1_6' title="bbox 277 1137 931 1202">
     <span class='ocr_line' id='line_1_16' title="bbox 277 1137 931 1202; baseline -0.006 -17"><span class='ocrx_word' id='word_1_149' title='bbox 277 1137 633 1202; x_wconf 75' lang='lat' dir='ltr'><strong>praecipitatione</strong></span> <span class='ocrx_word' id='word_1_150' title='bbox 663 1137 931 1185; x_wconf 73' lang='lat' dir='ltr'><strong>TANDONI.</strong></span> 
     </span>
    </p>

    <p class='ocr_par' dir='ltr' id='par_1_7' title="bbox 280 1214 2334 1344">
     <span class='ocr_line' id='line_1_17' title="bbox 399 1214 2334 1279; baseline -0.001 -13"><span class='ocrx_word' id='word_1_151' title='bbox 399 1221 473 1279; x_wconf 80' lang='lat' dir='ltr'><strong>EJ..</strong></span> <span class='ocrx_word' id='word_1_152' title='bbox 527 1219 583 1265; x_wconf 92' lang='lat' dir='ltr'><strong>In</strong></span> <span class='ocrx_word' id='word_1_153' title='bbox 607 1217 800 1273; x_wconf 79' lang='lat' dir='ltr'><strong>Journal</strong></span> <span class='ocrx_word' id='word_1_154' title='bbox 827 1216 899 1263; x_wconf 86' lang='lat' dir='ltr'><strong>des</strong></span> <span class='ocrx_word' id='word_1_155' title='bbox 929 1219 1096 1264; x_wconf 76' lang='lat' dir='ltr'><strong>Savans</strong></span> <span class='ocrx_word' id='word_1_156' title='bbox 1126 1228 1259 1275; x_wconf 79' lang='lat'><strong>1770.</strong></span> <span class='ocrx_word' id='word_1_157' title='bbox 1292 1217 1549 1277; x_wconf 83' lang='lat' dir='ltr'><strong>exemplum</strong></span> <span class='ocrx_word' id='word_1_158' title='bbox 1577 1214 1834 1263; x_wconf 85' lang='lat' dir='ltr'><strong>abdominis</strong></span> <span class='ocrx_word' id='word_1_159' title='bbox 1869 1218 2088 1277; x_wconf 89' lang='lat' dir='ltr'><strong>utrinque</strong></span> <span class='ocrx_word' id='word_1_160' title='bbox 2119 1215 2334 1279; x_wconf 80' lang='lat' dir='ltr'><strong>perforati</strong></span> 
     </span>
     <span class='ocr_line' id='line_1_18' title="bbox 280 1282 604 1344; baseline -0.015 -12"><span class='ocrx_word' id='word_1_161' title='bbox 280 1282 444 1344; x_wconf 77' lang='lat' dir='ltr'><strong>absque</strong></span> <span class='ocrx_word' id='word_1_162' title='bbox 467 1283 604 1330; x_wconf 67' lang='lat' dir='ltr'><strong>malo,</strong></span> 
     </span>
    </p>

    <p class='ocr_par' dir='ltr' id='par_1_8' title="bbox 278 1358 2334 1492">
     <span class='ocr_line' id='line_1_19' title="bbox 410 1358 2334 1425; baseline -0.001 -15"><span class='ocrx_word' id='word_1_163' title='bbox 410 1365 483 1425; x_wconf 75' lang='lat' dir='ltr'><strong>EJ.</strong></span> <span class='ocrx_word' id='word_1_164' title='bbox 521 1364 576 1410; x_wconf 89' lang='lat' dir='ltr'><strong>In</strong></span> <span class='ocrx_word' id='word_1_165' title='bbox 601 1364 712 1423; x_wconf 81' lang='lat' dir='ltr'><strong>Hist.</strong></span> <span class='ocrx_word' id='word_1_166' title='bbox 743 1361 793 1408; x_wconf 80' lang='lat' dir='ltr'><strong>de</strong></span> <span class='ocrx_word' id='word_1_167' title='bbox 813 1360 988 1408; x_wconf 82' lang='lat' dir='ltr'><strong>l’Acad.</strong></span> <span class='ocrx_word' id='word_1_168' title='bbox 1015 1373 1153 1420; x_wconf 88' lang='lat'><strong>1771.</strong></span> <span class='ocrx_word' id='word_1_169' title='bbox 1178 1358 1296 1408; x_wconf 82' lang='lat' dir='ltr'><strong>fctus</strong></span> <span class='ocrx_word' id='word_1_170' title='bbox 1317 1359 1605 1422; x_wconf 63' lang='lat' dir='ltr'><strong>imperfectus</strong></span> <span class='ocrx_word' id='word_1_171' title='bbox 1628 1378 1714 1408; x_wconf 87' lang='lat' dir='ltr'><strong>ano</strong></span> <span class='ocrx_word' id='word_1_172' title='bbox 1737 1359 1868 1422; x_wconf 84' lang='lat' dir='ltr'><strong>super</strong></span> <span class='ocrx_word' id='word_1_173' title='bbox 1889 1360 2149 1424; x_wconf 82' lang='lat' dir='ltr'><strong>symphyfin</strong></span> <span class='ocrx_word' id='word_1_174' title='bbox 2171 1361 2334 1410; x_wconf 85' lang='lat' dir='ltr'><strong>offium</strong></span> 
     </span>
     <span class='ocr_line' id='line_1_20' title="bbox 278 1423 1033 1492; baseline -0.005 -16"><span class='ocrx_word' id='word_1_175' title='bbox 278 1428 411 1492; x_wconf 83' lang='lat' dir='ltr'><strong>pubis</strong></span> <span class='ocrx_word' id='word_1_176' title='bbox 437 1427 612 1488; x_wconf 75' lang='lat' dir='ltr'><strong>polito,</strong></span> <span class='ocrx_word' id='word_1_177' title='bbox 647 1427 769 1472; x_wconf 84' lang='lat' dir='ltr'><strong>varie</strong></span> <span class='ocrx_word' id='word_1_178' title='bbox 796 1423 1033 1472; x_wconf 85' lang='lat' dir='ltr'><strong>difformis.</strong></span> 
     </span>
    </p>

    <p class='ocr_par' dir='ltr' id='par_1_9' title="bbox 271 1505 2330 1626">
     <span class='ocr_line' id='line_1_21' title="bbox 405 1505 2330 1568; baseline -0.001 -13"><span class='ocrx_word' id='word_1_179' title='bbox 405 1511 460 1556; x_wconf 88' lang='lat' dir='ltr'><strong>In</strong></span> <span class='ocrx_word' id='word_1_180' title='bbox 481 1509 715 1555; x_wconf 60' lang='lat' dir='ltr'><strong>colleft&#39;iomk</strong></span> <span class='ocrx_word' id='word_1_181' title='bbox 726 1509 781 1554; x_wconf 89' lang='lat' dir='ltr'><strong>T.</strong></span> <span class='ocrx_word' id='word_1_182' title='bbox 797 1509 877 1553; x_wconf 85' lang='lat' dir='ltr'><strong>lll.</strong></span> <span class='ocrx_word' id='word_1_183' title='bbox 900 1508 1041 1555; x_wconf 83' lang='lat' dir='ltr'><strong>Caroli</strong></span> <span class='ocrx_word' id='word_1_184' title='bbox 1052 1505 1238 1568; x_wconf 76' lang='lat' dir='ltr'><strong>Philippi</strong></span> <span class='ocrx_word' id='word_1_185' title='bbox 1253 1507 1475 1560; x_wconf 77' lang='lat' dir='ltr'>GESNER‚</span> <span class='ocrx_word' id='word_1_186' title='bbox 1489 1506 1699 1554; x_wconf 82' lang='lat' dir='ltr'><strong>archiatri</strong></span> <span class='ocrx_word' id='word_1_187' title='bbox 1713 1507 1939 1560; x_wconf 76' lang='lat' dir='ltr'><strong>Saxonici,</strong></span> <span class='ocrx_word' id='word_1_188' title='bbox 1956 1508 2263 1567; x_wconf 83' lang='lat' dir='ltr'><strong>experimenta</strong></span> <span class='ocrx_word' id='word_1_189' title='bbox 2280 1509 2330 1554; x_wconf 85' lang='lat' dir='ltr'><strong>in</strong></span> 
     </span>
     <span class='ocr_line' id='line_1_22' title="bbox 271 1570 2302 1626; baseline -0.002 -3"><span class='ocrx_word' id='word_1_190' title='bbox 271 1574 461 1623; x_wconf 83' lang='lat' dir='ltr'><strong>homine</strong></span> <span class='ocrx_word' id='word_1_191' title='bbox 488 1571 618 1626; x_wconf 53' lang='lat' dir='ltr'><strong>facia»,</strong></span> <span class='ocrx_word' id='word_1_192' title='bbox 641 1572 701 1618; x_wconf 80' lang='lat' dir='ltr'><strong>ad</strong></span> <span class='ocrx_word' id='word_1_193' title='bbox 724 1571 1117 1617; x_wconf 83' lang='lat' dir='ltr'><strong>demonstrandam</strong></span> <span class='ocrx_word' id='word_1_194' title='bbox 1132 1583 1341 1617; x_wconf 83' lang='lat' dir='ltr'><strong>naturam</strong></span> <span class='ocrx_word' id='word_1_195' title='bbox 1368 1570 1626 1617; x_wconf 82' lang='lat' dir='ltr'><strong>insenfilem</strong></span> <span class='ocrx_word' id='word_1_196' title='bbox 1659 1573 1782 1618; x_wconf 77' lang='lat' dir='ltr'><strong>durae</strong></span> <span class='ocrx_word' id='word_1_197' title='bbox 1814 1572 2087 1617; x_wconf 75' lang='lat' dir='ltr'><strong>membranae</strong></span> <span class='ocrx_word' id='word_1_198' title='bbox 2116 1572 2302 1618; x_wconf 82' lang='lat' dir='ltr'><strong>cerebri.</strong></span> 
     </span>
    </p>
   </div>
   <div class='ocr_carea' id='block_1_7' title="bbox 272 1651 2331 1783">
    <p class='ocr_par' dir='ltr' id='par_1_10' title="bbox 272 1651 2331 1783">
     <span class='ocr_line' id='line_1_23' title="bbox 404 1651 2331 1716; baseline -0.001 -14"><span class='ocrx_word' id='word_1_199' title='bbox 404 1656 641 1716; x_wconf 81' lang='lat' dir='ltr'>EJUSDEM</span> <span class='ocrx_word' id='word_1_200' title='bbox 676 1654 1036 1714; x_wconf 80' lang='lat' dir='ltr'><strong>experimentum</strong></span> <span class='ocrx_word' id='word_1_201' title='bbox 1070 1653 1193 1699; x_wconf 80' lang='lat' dir='ltr'><strong>durae</strong></span> <span class='ocrx_word' id='word_1_202' title='bbox 1217 1653 1486 1699; x_wconf 74' lang='lat' dir='ltr'><strong>membranae</strong></span> <span class='ocrx_word' id='word_1_203' title='bbox 1513 1655 1564 1700; x_wconf 88' lang='lat' dir='ltr'><strong>in</strong></span> <span class='ocrx_word' id='word_1_204' title='bbox 1583 1653 1768 1700; x_wconf 89' lang='lat' dir='ltr'><strong>homine</strong></span> <span class='ocrx_word' id='word_1_205' title='bbox 1794 1651 1925 1699; x_wconf 87' lang='lat' dir='ltr'><strong>sensu</strong></span> <span class='ocrx_word' id='word_1_206' title='bbox 1949 1664 2153 1707; x_wconf 87' lang='lat' dir='ltr'><strong>carente,</strong></span> <span class='ocrx_word' id='word_1_207' title='bbox 2190 1652 2331 1701; x_wconf 81' lang='lat' dir='ltr'><strong>exstat</strong></span> 
     </span>
     <span class='ocr_line' id='line_1_24' title="bbox 272 1718 1166 1783; baseline -0.004 -15"><span class='ocrx_word' id='word_1_208' title='bbox 272 1721 323 1769; x_wconf 88' lang='lat' dir='ltr'><strong>in</strong></span> <span class='ocrx_word' id='word_1_209' title='bbox 343 1720 523 1783; x_wconf 76' lang='lat' dir='ltr'><strong>Epistolis</strong></span> <span class='ocrx_word' id='word_1_210' title='bbox 554 1718 608 1763; x_wconf 89' lang='lat' dir='ltr'><strong>ad</strong></span> <span class='ocrx_word' id='word_1_211' title='bbox 636 1733 706 1763; x_wconf 88' lang='lat' dir='ltr'><strong>me</strong></span> <span class='ocrx_word' id='word_1_212' title='bbox 734 1718 848 1764; x_wconf 81' lang='lat' dir='ltr'><strong>datis</strong></span> <span class='ocrx_word' id='word_1_213' title='bbox 885 1719 965 1764; x_wconf 91' lang='lat' dir='ltr'><strong>IV.</strong></span> <span class='ocrx_word' id='word_1_214' title='bbox 998 1735 1038 1778; x_wconf 92' lang='lat' dir='ltr'><strong>p.</strong></span> <span class='ocrx_word' id='word_1_215' title='bbox 1064 1730 1166 1773; x_wconf 82' lang='lat'><strong>193.</strong></span> 
     </span>
    </p>
   </div>
   <div class='ocr_carea' id='block_1_8' title="bbox 271 1799 2329 1989">
    <p class='ocr_par' dir='ltr' id='par_1_11' title="bbox 271 1799 2329 1989">
     <span class='ocr_line' id='line_1_25' title="bbox 403 1799 2329 1861; baseline 0 -15"><span class='ocrx_word' id='word_1_216' title='bbox 403 1801 457 1851; x_wconf 78' lang='lat' dir='ltr'><strong>In</strong></span> <span class='ocrx_word' id='word_1_217' title='bbox 484 1800 711 1847; x_wconf 57' lang='lat' dir='ltr'><strong>colleelione</strong></span> <span class='ocrx_word' id='word_1_218' title='bbox 737 1816 871 1859; x_wconf 89' lang='lat' dir='ltr'><strong>porro</strong></span> <span class='ocrx_word' id='word_1_219' title='bbox 897 1804 947 1854; x_wconf 60' lang='lat' dir='ltr'><strong>J.</strong></span> <span class='ocrx_word' id='word_1_220' title='bbox 968 1802 1158 1861; x_wconf 56' lang='lat' dir='ltr'><strong>Baptistae</strong></span> <span class='ocrx_word' id='word_1_221' title='bbox 1181 1801 1437 1846; x_wconf 76' lang='lat' dir='ltr'>MORETTI</span> <span class='ocrx_word' id='word_1_222' title='bbox 1467 1801 1787 1859; x_wconf 82' lang='lat' dir='ltr'><strong>experimenta.</strong></span> <span class='ocrx_word' id='word_1_223' title='bbox 1836 1799 2066 1859; x_wconf 85' lang='lat' dir='ltr'><strong>Propriam</strong></span> <span class='ocrx_word' id='word_1_224' title='bbox 2086 1800 2329 1846; x_wconf 87' lang='lat' dir='ltr'><strong>tendinum</strong></span> 
     </span>
     <span class='ocr_line' id='line_1_26' title="bbox 271 1862 2326 1924; baseline -0.001 -12"><span class='ocrx_word' id='word_1_225' title='bbox 271 1864 481 1924; x_wconf 79' lang='lat' dir='ltr'><strong>vaginam</strong></span> <span class='ocrx_word' id='word_1_226' title='bbox 506 1866 547 1910; x_wconf 87' lang='lat'>&amp;</span> <span class='ocrx_word' id='word_1_227' title='bbox 575 1864 783 1910; x_wconf 84' lang='lat' dir='ltr'><strong>tendines</strong></span> <span class='ocrx_word' id='word_1_228' title='bbox 811 1862 1038 1910; x_wconf 77' lang='lat' dir='ltr'><strong>insensiles</strong></span> <span class='ocrx_word' id='word_1_229' title='bbox 1063 1864 1242 1924; x_wconf 80' lang='lat' dir='ltr'><strong>reperit.</strong></span> <span class='ocrx_word' id='word_1_230' title='bbox 1311 1864 1457 1910; x_wconf 88' lang='lat' dir='ltr'><strong>Nervi</strong></span> <span class='ocrx_word' id='word_1_231' title='bbox 1482 1875 1793 1923; x_wconf 86' lang='lat' dir='ltr'><strong>percurrentes</strong></span> <span class='ocrx_word' id='word_1_232' title='bbox 1813 1863 2013 1909; x_wconf 87' lang='lat' dir='ltr'><strong>tendinis</strong></span> <span class='ocrx_word' id='word_1_233' title='bbox 2043 1863 2224 1910; x_wconf 86' lang='lat' dir='ltr'><strong>Achillis</strong></span> <span class='ocrx_word' id='word_1_234' title='bbox 2254 1862 2326 1910; x_wconf 87' lang='lat' dir='ltr'><strong>su-</strong></span> 
     </span>
     <span class='ocr_line' id='line_1_27' title="bbox 271 1926 2326 1989; baseline 0 -15"><span class='ocrx_word' id='word_1_235' title='bbox 271 1927 498 1989; x_wconf 86' lang='lat' dir='ltr'><strong>perficiem</strong></span> <span class='ocrx_word' id='word_1_236' title='bbox 519 1962 530 1981; x_wconf 83' lang='lat'>‚</span> <span class='ocrx_word' id='word_1_237' title='bbox 566 1939 714 1973; x_wconf 85' lang='lat' dir='ltr'><strong>tamen</strong></span> <span class='ocrx_word' id='word_1_238' title='bbox 740 1940 887 1973; x_wconf 85' lang='lat' dir='ltr'><strong>cutem</strong></span> <span class='ocrx_word' id='word_1_239' title='bbox 917 1928 1112 1980; x_wconf 86' lang='lat' dir='ltr'><strong>adeunt,</strong></span> <span class='ocrx_word' id='word_1_240' title='bbox 1151 1943 1245 1973; x_wconf 90' lang='lat' dir='ltr'><strong>non</strong></span> <span class='ocrx_word' id='word_1_241' title='bbox 1269 1927 1526 1975; x_wconf 85' lang='lat' dir='ltr'><strong>tendinem.</strong></span> <span class='ocrx_word' id='word_1_242' title='bbox 1592 1929 1720 1974; x_wconf 86' lang='lat' dir='ltr'><strong>Dura</strong></span> <span class='ocrx_word' id='word_1_243' title='bbox 1745 1939 1888 1973; x_wconf 81' lang='lat' dir='ltr'><strong>mater</strong></span> <span class='ocrx_word' id='word_1_244' title='bbox 1907 1928 1957 1973; x_wconf 86' lang='lat' dir='ltr'><strong>in</strong></span> <span class='ocrx_word' id='word_1_245' title='bbox 1988 1926 2172 1974; x_wconf 89' lang='lat' dir='ltr'><strong>homine</strong></span> <span class='ocrx_word' id='word_1_246' title='bbox 2195 1926 2326 1975; x_wconf 83' lang='lat' dir='ltr'><strong>sensu</strong></span> 
     </span>
    </p>
   </div>
   <div class='ocr_carea' id='block_1_9' title="bbox 272 1990 1171 2051">
    <p class='ocr_par' dir='ltr' id='par_1_12' title="bbox 272 1990 1171 2051">
     <span class='ocr_line' id='line_1_28' title="bbox 272 1990 1171 2051; baseline 0 -13"><span class='ocrx_word' id='word_1_247' title='bbox 272 1993 430 2038; x_wconf 72' lang='lat' dir='ltr'><strong>caruit.</strong></span> <span class='ocrx_word' id='word_1_248' title='bbox 498 1992 684 2051; x_wconf 84' lang='lat' dir='ltr'><strong>Aliquas</strong></span> <span class='ocrx_word' id='word_1_249' title='bbox 719 1993 996 2051; x_wconf 63' lang='lat' dir='ltr'><strong>objeeliones</strong></span> <span class='ocrx_word' id='word_1_250' title='bbox 1022 1990 1171 2039; x_wconf 84' lang='lat' dir='ltr'><strong>solvit.</strong></span> 
     </span>
    </p>
   </div>
   <div class='ocr_carea' id='block_1_10' title="bbox 269 2072 2323 2263">
    <p class='ocr_par' dir='ltr' id='par_1_13' title="bbox 269 2072 2323 2263">
     <span class='ocr_line' id='line_1_29' title="bbox 398 2072 2320 2134; baseline 0.001 -15"><span class='ocrx_word' id='word_1_251' title='bbox 398 2072 529 2120; x_wconf 85' lang='lat' dir='ltr'><strong>Nihil</strong></span> <span class='ocrx_word' id='word_1_252' title='bbox 565 2072 718 2118; x_wconf 84' lang='lat' dir='ltr'><strong>addidi</strong></span> <span class='ocrx_word' id='word_1_253' title='bbox 754 2073 807 2118; x_wconf 87' lang='lat' dir='ltr'><strong>de</strong></span> <span class='ocrx_word' id='word_1_254' title='bbox 837 2090 965 2127; x_wconf 85' lang='lat' dir='ltr'><strong>meo,</strong></span> <span class='ocrx_word' id='word_1_255' title='bbox 1006 2073 1088 2120; x_wconf 82' lang='lat' dir='ltr'><strong>nifi</strong></span> <span class='ocrx_word' id='word_1_256' title='bbox 1127 2075 1250 2134; x_wconf 91' lang='lat' dir='ltr'><strong>quod</strong></span> <span class='ocrx_word' id='word_1_257' title='bbox 1292 2075 1512 2134; x_wconf 78' lang='lat' dir='ltr'><strong>excerptis</strong></span> <span class='ocrx_word' id='word_1_258' title='bbox 1541 2073 1859 2134; x_wconf 84' lang='lat' dir='ltr'><strong>experimentis</strong></span> <span class='ocrx_word' id='word_1_259' title='bbox 1894 2073 2098 2124; x_wconf 82' lang='lat' dir='ltr'>Z1NN11‚</span> <span class='ocrx_word' id='word_1_260' title='bbox 2134 2073 2320 2121; x_wconf 58' lang='lat' dir='ltr'><strong>Wins-</strong></span> 
     </span>
     <span class='ocr_line' id='line_1_30' title="bbox 269 2135 2323 2200; baseline -0.002 -13"><span class='ocrx_word' id='word_1_261' title='bbox 269 2151 453 2187; x_wconf 78' lang='lat' dir='ltr'>DORFII</span> <span class='ocrx_word' id='word_1_262' title='bbox 474 2171 487 2190; x_wconf 86' lang='grc'>,</span> <span class='ocrx_word' id='word_1_263' title='bbox 525 2137 797 2189; x_wconf 67' lang='lat' dir='ltr'>CASTELLI,</span> <span class='ocrx_word' id='word_1_264' title='bbox 836 2139 968 2184; x_wconf 84' lang='lat' dir='ltr'><strong>etiam</strong></span> <span class='ocrx_word' id='word_1_265' title='bbox 997 2140 1233 2185; x_wconf 84' lang='lat' dir='ltr'><strong>corollaria</strong></span> <span class='ocrx_word' id='word_1_266' title='bbox 1257 2138 1438 2191; x_wconf 85' lang='lat' dir='ltr'><strong>addidi,</strong></span> <span class='ocrx_word' id='word_1_267' title='bbox 1479 2155 1579 2200; x_wconf 76' lang='lat' dir='ltr'><strong>quae</strong></span> <span class='ocrx_word' id='word_1_268' title='bbox 1615 2154 1748 2184; x_wconf 76' lang='lat' dir='ltr'><strong>merae</strong></span> <span class='ocrx_word' id='word_1_269' title='bbox 1771 2136 1878 2183; x_wconf 85' lang='lat' dir='ltr'><strong>sunt</strong></span> <span class='ocrx_word' id='word_1_270' title='bbox 1904 2135 2089 2183; x_wconf 79' lang='lat' dir='ltr'><strong>summae</strong></span> <span class='ocrx_word' id='word_1_271' title='bbox 2126 2152 2284 2184; x_wconf 87' lang='lat' dir='ltr'><strong>eorum</strong></span> <span class='ocrx_word' id='word_1_272' title='bbox 2305 2171 2323 2192; x_wconf 84' lang='lat'><strong>,</strong></span> 
     </span>
     <span class='ocr_line' id='line_1_31' title="bbox 270 2199 1430 2263; baseline 0 -15"><span class='ocrx_word' id='word_1_273' title='bbox 270 2215 372 2263; x_wconf 76' lang='lat' dir='ltr'><strong>quae</strong></span> <span class='ocrx_word' id='word_1_274' title='bbox 401 2202 659 2249; x_wconf 87' lang='lat' dir='ltr'><strong>communia</strong></span> <span class='ocrx_word' id='word_1_275' title='bbox 685 2199 792 2248; x_wconf 86' lang='lat' dir='ltr'><strong>sunt</strong></span> <span class='ocrx_word' id='word_1_276' title='bbox 814 2203 863 2248; x_wconf 87' lang='lat' dir='ltr'><strong>in</strong></span> <span class='ocrx_word' id='word_1_277' title='bbox 888 2203 1062 2263; x_wconf 86' lang='lat' dir='ltr'><strong>aliquot</strong></span> <span class='ocrx_word' id='word_1_278' title='bbox 1095 2203 1430 2263; x_wconf 80' lang='lat' dir='ltr'><strong>experimentis.</strong></span> 
     </span>
    </p>
   </div>
   <div class='ocr_carea' id='block_1_11' title="bbox 912 2331 1677 2388">
    <p class='ocr_par' dir='ltr' id='par_1_14' title="bbox 912 2331 1677 2388">
     <span class='ocr_line' id='line_1_32' title="bbox 912 2331 1677 2388; baseline -0.003 -9"><span class='ocrx_word' id='word_1_279' title='bbox 912 2331 958 2388; x_wconf 54' lang='grc' dir='ltr'><strong>ὅ.</strong></span> <span class='ocrx_word' id='word_1_280' title='bbox 995 2333 1433 2380; x_wconf 89' lang='lat' dir='ltr'><strong>MCLXXXVI.</strong></span> <span class='ocrx_word' id='word_1_281' title='bbox 1541 2336 1677 2382; x_wconf 69' lang='lat' dir='ltr'><strong>Varii.</strong></span> 
     </span>
    </p>
   </div>
   <div class='ocr_carea' id='block_1_12' title="bbox 265 2445 2316 2764">
    <p class='ocr_par' dir='ltr' id='par_1_15' title="bbox 265 2445 2316 2764">
     <span class='ocr_line' id='line_1_33' title="bbox 399 2445 2314 2510; baseline 0.001 -17"><span class='ocrx_word' id='word_1_282' title='bbox 399 2445 593 2494; x_wconf 76' lang='lat' dir='ltr'><strong>Riclmrd</strong></span> <span class='ocrx_word' id='word_1_283' title='bbox 622 2448 812 2495; x_wconf 72' lang='lat' dir='ltr'>DAVIES</span> <span class='ocrx_word' id='word_1_284' title='bbox 838 2446 956 2508; x_wconf 60' lang='lat' dir='ltr'><strong>Fffiay</strong></span> <span class='ocrx_word' id='word_1_285' title='bbox 980 2453 1014 2494; x_wconf 81' lang='lat' dir='ltr'><strong>I.</strong></span> <span class='ocrx_word' id='word_1_286' title='bbox 1042 2460 1084 2494; x_wconf 87' lang='lat' dir='ltr'><strong>to</strong></span> <span class='ocrx_word' id='word_1_287' title='bbox 1104 2459 1298 2509; x_wconf 82' lang='lat' dir='ltr'><strong>promote</strong></span> <span class='ocrx_word' id='word_1_288' title='bbox 1323 2445 1392 2493; x_wconf 82' lang='lat' dir='ltr'><strong>the</strong></span> <span class='ocrx_word' id='word_1_289' title='bbox 1422 2446 1726 2510; x_wconf 77' lang='lat' dir='ltr'><strong>experimental</strong></span> <span class='ocrx_word' id='word_1_290' title='bbox 1747 2445 1924 2505; x_wconf 75' lang='lat' dir='ltr'><strong>analyfis</strong></span> <span class='ocrx_word' id='word_1_291' title='bbox 1953 2447 2006 2508; x_wconf 90' lang='lat' dir='ltr'><strong>of</strong></span> <span class='ocrx_word' id='word_1_292' title='bbox 2024 2446 2156 2494; x_wconf 51' lang='lat' dir='ltr'><strong>bl‘oocl*</strong></span> <span class='ocrx_word' id='word_1_293' title='bbox 2184 2446 2314 2494; x_wconf 73' lang='lat' dir='ltr'><strong>Rath.</strong></span> 
     </span>
     <span class='ocr_line' id='line_1_34' title="bbox 273 2510 2316 2572; baseline -0.001 -14"><span class='ocrx_word' id='word_1_294' title='bbox 273 2517 409 2570; x_wconf 69' lang='lat'><strong>1760.</strong></span> <span class='ocrx_word' id='word_1_295' title='bbox 437 2510 513 2565; x_wconf 66' lang='grc'><strong>8.*</strong></span> <span class='ocrx_word' id='word_1_296' title='bbox 580 2512 650 2557; x_wconf 91' lang='lat' dir='ltr'><strong>De</strong></span> <span class='ocrx_word' id='word_1_297' title='bbox 685 2510 919 2558; x_wconf 83' lang='lat' dir='ltr'><strong>seceffione</strong></span> <span class='ocrx_word' id='word_1_298' title='bbox 941 2511 1186 2571; x_wconf 80' lang='lat' dir='ltr'><strong>spontanea</strong></span> <span class='ocrx_word' id='word_1_299' title='bbox 1212 2510 1461 2572; x_wconf 77' lang='lat' dir='ltr'><strong>sanguinis.</strong></span> <span class='ocrx_word' id='word_1_300' title='bbox 1528 2512 1711 2557; x_wconf 87' lang='lat' dir='ltr'><strong>Pondus</strong></span> <span class='ocrx_word' id='word_1_301' title='bbox 1741 2513 1878 2570; x_wconf 83' lang='lat' dir='ltr'><strong>partis</strong></span> <span class='ocrx_word' id='word_1_302' title='bbox 1898 2511 2048 2558; x_wconf 81' lang='lat' dir='ltr'><strong>rubrae</strong></span> <span class='ocrx_word' id='word_1_303' title='bbox 2072 2511 2125 2557; x_wconf 85' lang='lat' dir='ltr'><strong>ad</strong></span> <span class='ocrx_word' id='word_1_304' title='bbox 2146 2524 2316 2571; x_wconf 85' lang='lat' dir='ltr'><strong>partem</strong></span> 
     </span>
     <span class='ocr_line' id='line_1_35' title="bbox 265 2574 2315 2635; baseline -0.001 -12"><span class='ocrx_word' id='word_1_305' title='bbox 265 2576 427 2623; x_wconf 79' lang='lat' dir='ltr'><strong>flavam</strong></span> <span class='ocrx_word' id='word_1_306' title='bbox 449 2574 508 2621; x_wconf 86' lang='lat' dir='ltr'><strong>est</strong></span> <span class='ocrx_word' id='word_1_307' title='bbox 528 2586 581 2621; x_wconf 89' lang='lat' dir='ltr'><strong>ut</strong></span> <span class='ocrx_word' id='word_1_308' title='bbox 602 2583 734 2623; x_wconf 87' lang='lat'><strong>1126.</strong></span> <span class='ocrx_word' id='word_1_309' title='bbox 750 2575 804 2621; x_wconf 88' lang='lat' dir='ltr'><strong>ad</strong></span> <span class='ocrx_word' id='word_1_310' title='bbox 833 2588 848 2619; x_wconf 85' lang='grc' dir='ltr'>Ι</span> <span class='ocrx_word' id='word_1_311' title='bbox 866 2587 964 2631; x_wconf 84' lang='lat'><strong>103.</strong></span> <span class='ocrx_word' id='word_1_312' title='bbox 1008 2577 1179 2621; x_wconf 87' lang='lat' dir='ltr'><strong>Gluten</strong></span> <span class='ocrx_word' id='word_1_313' title='bbox 1193 2574 1421 2635; x_wconf 77' lang='lat' dir='ltr'><strong>sanguinis</strong></span> <span class='ocrx_word' id='word_1_314' title='bbox 1443 2576 1491 2620; x_wconf 89' lang='lat' dir='ltr'><strong>in</strong></span> <span class='ocrx_word' id='word_1_315' title='bbox 1516 2575 1658 2621; x_wconf 82' lang='lat' dir='ltr'><strong>crusta</strong></span> <span class='ocrx_word' id='word_1_316' title='bbox 1683 2575 2028 2621; x_wconf 83' lang='lat' dir='ltr'><strong>inflammatoria</strong></span> <span class='ocrx_word' id='word_1_317' title='bbox 2052 2575 2315 2620; x_wconf 69' lang='lat' dir='ltr'><strong>dissolutum</strong></span> 
     </span>
     <span class='ocr_line' id='line_1_36' title="bbox 265 2636 2310 2700; baseline -0.001 -15"><span class='ocrx_word' id='word_1_318' title='bbox 265 2639 372 2692; x_wconf 81' lang='lat' dir='ltr'><strong>effe,</strong></span> <span class='ocrx_word' id='word_1_319' title='bbox 413 2651 465 2685; x_wconf 85' lang='lat' dir='ltr'><strong>ut</strong></span> <span class='ocrx_word' id='word_1_320' title='bbox 489 2640 634 2685; x_wconf 88' lang='lat' dir='ltr'><strong>rubris</strong></span> <span class='ocrx_word' id='word_1_321' title='bbox 657 2640 851 2700; x_wconf 82' lang='lat' dir='ltr'><strong>globulis</strong></span> <span class='ocrx_word' id='word_1_322' title='bbox 885 2639 1116 2699; x_wconf 84' lang='lat' dir='ltr'><strong>permittat</strong></span> <span class='ocrx_word' id='word_1_323' title='bbox 1145 2637 1340 2684; x_wconf 84' lang='lat' dir='ltr'><strong>fundum</strong></span> <span class='ocrx_word' id='word_1_324' title='bbox 1378 2651 1552 2698; x_wconf 84' lang='lat' dir='ltr'><strong>petere,</strong></span> <span class='ocrx_word' id='word_1_325' title='bbox 1600 2640 1638 2684; x_wconf 80' lang='lat'>&amp;</span> <span class='ocrx_word' id='word_1_326' title='bbox 1666 2655 1690 2684; x_wconf 86' lang='lat' dir='ltr'><strong>a</strong></span> <span class='ocrx_word' id='word_1_327' title='bbox 1718 2636 1934 2698; x_wconf 68' lang='lat' dir='ltr'><strong>{anguine</strong></span> <span class='ocrx_word' id='word_1_328' title='bbox 1970 2637 2178 2683; x_wconf 77' lang='lat' dir='ltr'><strong>dissoluto</strong></span> <span class='ocrx_word' id='word_1_329' title='bbox 2212 2652 2310 2682; x_wconf 88' lang='lat' dir='ltr'><strong>non</strong></span> 
     </span>
     <span class='ocr_line' id='line_1_37' title="bbox 265 2700 2168 2764; baseline -0.002 -15"><span class='ocrx_word' id='word_1_330' title='bbox 265 2705 400 2764; x_wconf 70' lang='lat' dir='ltr'><strong>longe</strong></span> <span class='ocrx_word' id='word_1_331' title='bbox 427 2703 570 2749; x_wconf 85' lang='lat' dir='ltr'><strong>distet.</strong></span> <span class='ocrx_word' id='word_1_332' title='bbox 642 2705 1121 2750; x_wconf 76' lang='lat' dir='ltr'>LEEUWENHOECKH</span> <span class='ocrx_word' id='word_1_333' title='bbox 1150 2700 1456 2748; x_wconf 83' lang='lat' dir='ltr'><strong>diffilitionem</strong></span> <span class='ocrx_word' id='word_1_334' title='bbox 1481 2705 1530 2747; x_wconf 85' lang='lat' dir='ltr'><strong>in</strong></span> <span class='ocrx_word' id='word_1_335' title='bbox 1554 2704 1751 2748; x_wconf 84' lang='lat' dir='ltr'><strong>minores</strong></span> <span class='ocrx_word' id='word_1_336' title='bbox 1773 2702 1981 2761; x_wconf 81' lang='lat' dir='ltr'><strong>globulos</strong></span> <span class='ocrx_word' id='word_1_337' title='bbox 2004 2702 2168 2761; x_wconf 74' lang='lat' dir='ltr'><strong>rejicit.</strong></span> 
     </span>
    </p>
   </div>
   <div class='ocr_carea' id='block_1_13' title="bbox 260 2779 2310 2972">
    <p class='ocr_par' dir='ltr' id='par_1_16' title="bbox 260 2779 2310 2972">
     <span class='ocr_line' id='line_1_38' title="bbox 391 2779 2310 2844; baseline -0.002 -13"><span class='ocrx_word' id='word_1_338' title='bbox 391 2782 491 2839; x_wconf 75' lang='lat' dir='ltr'><strong>Joh.</strong></span> <span class='ocrx_word' id='word_1_339' title='bbox 507 2786 693 2832; x_wconf 84' lang='lat' dir='ltr'>KAEMPF</span> <span class='ocrx_word' id='word_1_340' title='bbox 706 2783 841 2833; x_wconf 75' lang='lat' dir='ltr'><strong>kurze</strong></span> <span class='ocrx_word' id='word_1_341' title='bbox 853 2781 1142 2843; x_wconf 75' lang='lat' dir='ltr'><strong>Abhandlung</strong></span> <span class='ocrx_word' id='word_1_342' title='bbox 1154 2800 1236 2828; x_wconf 78' lang='lat' dir='ltr'><strong>von</strong></span> <span class='ocrx_word' id='word_1_343' title='bbox 1249 2783 1329 2829; x_wconf 80' lang='lat' dir='ltr'><strong>den</strong></span> <span class='ocrx_word' id='word_1_344' title='bbox 1349 2788 1718 2844; x_wconf 74' lang='lat' dir='ltr'><strong>Temperamenten</strong></span> <span class='ocrx_word' id='word_1_345' title='bbox 1754 2780 1894 2828; x_wconf 83' lang='lat' dir='ltr'><strong>Schaf</strong></span> <span class='ocrx_word' id='word_1_346' title='bbox 1896 2779 2065 2826; x_wconf 84' lang='lat' dir='ltr'><strong>hausen</strong></span> <span class='ocrx_word' id='word_1_347' title='bbox 2086 2788 2217 2839; x_wconf 87' lang='lat'><strong>1760.</strong></span> <span class='ocrx_word' id='word_1_348' title='bbox 2236 2782 2310 2835; x_wconf 72' lang='grc'><strong>8.*</strong></span> 
     </span>
     <span class='ocr_line' id='line_1_39' title="bbox 263 2845 2308 2909; baseline -0.001 -15"><span class='ocrx_word' id='word_1_349' title='bbox 263 2848 443 2906; x_wconf 77' lang='lat' dir='ltr'><strong>Cuique</strong></span> <span class='ocrx_word' id='word_1_350' title='bbox 484 2861 838 2909; x_wconf 83' lang='lat' dir='ltr'><strong>temperamento</strong></span> <span class='ocrx_word' id='word_1_351' title='bbox 874 2846 952 2894; x_wconf 88' lang='lat' dir='ltr'><strong>sua</strong></span> <span class='ocrx_word' id='word_1_352' title='bbox 984 2845 1063 2892; x_wconf 81' lang='lat' dir='ltr'><strong>effe</strong></span> <span class='ocrx_word' id='word_1_353' title='bbox 1101 2847 1352 2893; x_wconf 83' lang='lat' dir='ltr'><strong>commoda.</strong></span> <span class='ocrx_word' id='word_1_354' title='bbox 1421 2849 1798 2906; x_wconf 84' lang='lat' dir='ltr'><strong>Temperamenta</strong></span> <span class='ocrx_word' id='word_1_355' title='bbox 1831 2845 2013 2890; x_wconf 79' lang='lat' dir='ltr'><strong>mutari.</strong></span> <span class='ocrx_word' id='word_1_356' title='bbox 2093 2847 2308 2902; x_wconf 82' lang='lat' dir='ltr'><strong>Qatuor</strong></span> 
     </span>
     <span class='ocr_line' id='line_1_40' title="bbox 260 2913 1018 2972; baseline -0.001 -14"><span class='ocrx_word' id='word_1_357' title='bbox 260 2924 441 2971; x_wconf 75' lang='lat' dir='ltr'><strong>recepta</strong></span> <span class='ocrx_word' id='word_1_358' title='bbox 461 2922 811 2972; x_wconf 83' lang='lat' dir='ltr'><strong>temperamenta</strong></span> <span class='ocrx_word' id='word_1_359' title='bbox 838 2913 1018 2958; x_wconf 89' lang='lat' dir='ltr'><strong>retinet.</strong></span> 
     </span>
    </p>
   </div>
   <div class='ocr_carea' id='block_1_14' title="bbox 388 2985 2310 3105">
    <p class='ocr_par' dir='ltr' id='par_1_17' title="bbox 388 2985 2310 3105">
     <span class='ocr_line' id='line_1_41' title="bbox 388 2985 2307 3066; baseline -0.005 -21"><span class='ocrx_word' id='word_1_360' title='bbox 388 2993 559 3045; x_wconf 75' lang='lat' dir='ltr'><strong>Samml</strong></span> <span class='ocrx_word' id='word_1_361' title='bbox 576 2994 865 3045; x_wconf 64' lang='lat' dir='ltr'>MUSGRAVE</span> <span class='ocrx_word' id='word_1_362' title='bbox 887 2993 1002 3056; x_wconf 79' lang='lat' dir='ltr'><strong>[ome</strong></span> <span class='ocrx_word' id='word_1_363' title='bbox 1025 2989 1215 3043; x_wconf 74' lang='lat' dir='ltr'><strong>remarks</strong></span> <span class='ocrx_word' id='word_1_364' title='bbox 1242 3007 1295 3041; x_wconf 87' lang='lat' dir='ltr'><strong>on</strong></span> <span class='ocrx_word' id='word_1_365' title='bbox 1318 2996 1390 3048; x_wconf 76' lang='lat' dir='ltr'><strong>D..</strong></span> <span class='ocrx_word' id='word_1_366' title='bbox 1415 2992 1764 3043; x_wconf 71' lang='lat' dir='ltr'><strong>BQERHA-Avr&#39;s</strong></span> <span class='ocrx_word' id='word_1_367' title='bbox 1799 2985 1945 3051; x_wconf 76' lang='lat' dir='ltr'><strong>theory</strong></span> <span class='ocrx_word' id='word_1_368' title='bbox 1988 3006 2040 3039; x_wconf 79' lang='lat' dir='ltr'><strong>on</strong></span> <span class='ocrx_word' id='word_1_369' title='bbox 2072 2987 2141 3039; x_wconf 80' lang='lat' dir='ltr'><strong>the</strong></span> <span class='ocrx_word' id='word_1_370' title='bbox 2177 2993 2307 3066; x_wconf 47' lang='lat' dir='ltr'><strong>attri-</strong></span> 
     </span>
     <span class='ocr_line' id='line_1_42' title="bbox 2213 3066 2310 3105; baseline 0 -1"><span class='ocrx_word' id='word_1_371' title='bbox 2213 3066 2310 3105; x_wconf 60' lang='lat' dir='ltr'><strong>tion.</strong></span> 
     </span>
    </p>
   </div>
  </div>
 </body>
</html>
