2531 3394
411 154 446 206 ς.
486 159 689 210 1014—
717 157 854 209 1017.
922 146 976 195 C.
1010 129 1522 195 WINTRINGHAM.
1587 140 1657 189 Μ.
1692 142 2010 195 FLEMYNG.
2140 142 2228 205 32‘5'

185 252 259 299 De
296 249 445 296 oculo·
515 249 743 296 Corneam
771 246 973 293 tunicam
999 244 1159 290 debere
1184 238 1506 289 convexiorem
1531 236 1674 284 reddi.
1743 241 1781 286 A
1811 243 2122 303 magnitudine
2150 259 2232 302 pu-

183 315 301 375 pillae
326 325 514 365 mutata,
552 313 717 373 objecti
739 310 954 358 visibilem
979 305 1344 367 magnitudinem
1370 319 1466 350 non
1492 302 1682 357 mutari,
1717 320 1864 365 neque
1887 323 1983 352 eam
2005 308 2232 368 magnitu-

184 377 336 425 dinem
357 394 414 424 ex
437 378 605 438 angulo
630 375 798 423 visorio
827 375 881 421 ab
907 373 1058 420 anima
1078 367 1287 431 aestimari
1314 370 1396 414 &c.

316 460 488 521 EJUSD.
524 461 704 518 Inquiry
731 461 820 503 into
838 453 906 501 the
935 451 1082 512 exility
1111 450 1165 512 of
1178 448 1248 496 the
1276 448 1414 507 vffls
1445 452 1490 496 in
1513 446 1668 495 human
1693 448 1801 509 body
1836 449 1980 497 Lond.
2002 462 2132 507 1743.
2156 453 2230 505 8.*

184 523 387 572 Stamina
419 525 468 570 in
501 536 690 582 corpore
723 518 906 567 animali
943 517 1040 562 dari
1069 515 1362 576 primigenia,
1402 513 1459 559 ad
1499 530 1600 574 quae
1627 513 1860 574 adplicata:
1892 515 2121 574 particulae
2155 517 2233 561 ali..

183 588 331 634 menti
363 587 663 634 nutritionem
695 581 882 629 faciunt.
950 579 1273 627 Incredibilem
1301 577 1383 625 effe
1412 578 1678 639 parvitatem
1703 579 1837 625 molis
1860 577 2012 625 solidae
2034 579 2082 624 in
2108 576 2231 632 fetu,

184 668 333 711 neque
372 650 579 712 superare
617 663 806 708 granum
840 643 1035 691 divisum
1073 661 1148 704 per
1190 655 1264 699 29.
1302 641 1465 695 cifras,
1519 658 1711 702 quarum
1740 642 1886 701 primu
1917 642 1978 688 est
2009 656 2052 697 9.
2097 643 2236 688 Partis

183 713 420 762 sentientis
444 715 609 760 molem
638 711 774 757 etiam
807 707 926 756 infra
959 707 1076 755 hanc
1114 709 1379 767 parvitatem
1404 705 1500 752 effe.
1591 706 1660 752 Ab
1690 705 1760 752 his
1789 719 1943 753 tamen
1973 705 2238 752 staminibus

183 778 469 826 identitatem
501 773 700 837 personae
733 774 956 836 pendere3,
1003 772 1270 820 staminibus
1296 768 1460 818 amiffis
1489 785 1546 816 cx
1569 770 1693 817 bono
1716 768 1937 832 sanguine
1971 773 2114 818 malos
2155 767 2240 815 hu.-

183 858 333 891 mores
365 843 508 905 gigni.

711 899 755 960 ς.
796 903 848 950 Μ
863 902 909 949 X
922 901 1012 950 VI.
1106 897 1411 948 Milcolumbus
1432 897 1689 947 FLEMYNG
1704 933 1716 953 ‚

315 1001 526 1050 Medicus
555 1003 596 1048 &
619 1011 778 1061 poeta,
808 1001 918 1052 olim
947 997 1098 1045 noster
1118 997 1305 1043 amicus.
1375 996 1485 1056 Ejus
1517 995 1824 1058 nevi-opathia,
1852 998 1892 1057 fi
1926 995 1976 1043 de
1994 995 2143 1044 morbis
2167 995 2241 1056 by·-

179 1064 505 1131 pochondriacis
538 1064 596 1121 ἓξ
630 1063 841 1126 hystericis
877 1064 924 1109 L.
947 1063 1029 1109 111.
1081 1060 1277 1108 Eboraci
1312 1072 1445 1118 1740.
1487 1063 1559 1114 8.*
1624 1062 1679 1107 111
1717 1061 1981 1121 praefatione
2017 1065 2242 1122 Georgimst

188 1133 399 1178 CHEYNE
426 1129 620 1182 refutat,
657 1131 698 1174 &
723 1145 803 1188 pro
834 1125 1065 1187 spiritibus
1092 1126 1203 1171 dicit
1228 1136 1387 1170 contra
1415 1140 1518 1176 eos,
1551 1127 1629 1184 qui
1665 1142 1831 1172 nerves
1854 1125 2020 1172 solidos
2049 1124 2239 1171 faciunt.

188 1196 565 1256 Experimentum
597 1190 766 1253 profert
789 1190 919 1238 suum
940 1225 952 1244 ‚
988 1203 1043 1236 ut
1069 1189 1300 1241 ostendat,
1331 1190 1396 1234 lac
1420 1186 1516 1234 sero
1546 1187 1779 1250 sanguinis
1812 1191 1955 1237 levius
1979 1188 2076 1237 effe.
2144 1191 2242 1237 Ma-

188 1259 311 1313 lum,
341 1260 394 1305 de
421 1275 512 1318 quo
542 1258 692 1309 canit,
730 1257 906 1304 laxitati
927 1270 1174 1302 nervorum
1200 1255 1241 1300 &
1263 1253 1463 1299 coctioni
1486 1252 1731 1300 debilitatae
1758 1254 1936 1302 tribuit.

313 1341 469 1388 Italice
499 1339 669 1401 prodiit
689 1339 825 1386 Rom.
848 1350 980 1397 1755.
1015 1343 1058 1392 8.
1094 1346 1300 1382 vertente
1322 1335 1364 1397 J.
1394 1335 1442 1380 B.
1466 1335 1745 1382 MORETTI.

315 1422 390 1483 EJ.
433 1419 520 1469 The
547 1433 705 1468 nature
724 1421 778 1481 of
789 1418 857 1467 the
878 1417 1216 1482 nervousfluid,
1255 1435 1306 1464 or
1337 1416 1501 1463 animal
1513 1416 1669 1478 spirits
1696 1416 2008 1480 demonstrated
2047 1417 2247 1467 London

191 1488 329 1544 1‘751.
358 1484 433 1540 8.*
500 1487 612 1532 Non
650 1485 767 1546 poffe
803 1498 1049 1531 nervorum
1083 1495 1293 1529 naturam
1325 1480 1546 1528 elasticam
1586 1482 1793 1535 admitti,
1831 1499 1978 1544 neque
2007 1482 2247 1530 oscillatio-

188 1566 325 1603 nem:
376 1549 601 1610 Supereffe
627 1562 681 1596 ut
702 1548 886 1610 spiritus
912 1548 1227 1594 admittantur.
1297 1544 1485 1592 Aetheri
1503 1545 1553 1590 in
1578 1547 1755 1592 actione
1786 1547 2096 1594 musculorum
2131 1551 2248 1594 mul-

188 1626 288 1662 tum
314 1614 488 1663 tribuit.
559 1615 847 1660 Celeritatem
875 1611 1119 1674 spirituum
1143 1627 1242 1658 non
1262 1609 1373 1658 fac-it
1404 1610 1674 1664 maximam,
1710 1610 1803 1658 fere
1833 1613 2071 1660 trecenties
2099 1614 2248 1660 mino-

188 1695 284 1727 rem
311 1679 535 1726 celeritate
556 1677 670 1725 soni.
1247 1690 1252 1692 ·
1860 1691 1865 1704 ’

322 1762 497 1822 EJUSD.
536 1759 719 1821 Syllabas
746 1760 800 1822 of
810 1757 880 1806 the
907 1770 1098 1807 contenti·
1119 1756 1210 1805 and
1237 1756 1367 1804 order
1396 1756 1452 1818 os
1469 1773 1495 1803 a
1517 1757 1658 1817 course
1684 1757 1737 1819 of
1753 1759 1927 1805 letzures
1956 1776 2008 1806 on
2036 1756 2105 1805 the
2119 1763 2249 1821 prin..

188 1824 306 1887 τέρα]
325 1837 456 1886 parts
491 1824 542 1884 of
571 1823 639 1871 the
671 1824 834 1870 animal
868 1841 1070 1883 aeconomy
1105 1822 1462 1879 Lond0111752.
1503 1821 1582 1875 8.*
1649 1825 1868 1870 Auctores
1909 1824 2080 1870 indicat
2116 1823 2249 1871 laude

193 1890 372 1951 dignos,
408 1890 449 1935 ὃς
483 1890 627 1949 prima
652 1890 873 1934 elementa
898 1886 1191 1949 physiologiae
1216 1904 1228 1932 ε
1275 1888 1472 1932 multum
1502 1885 1662 1933 tribuit
1695 1888 1792 1933 telae
1819 1886 2057 1934 cellulosae.

320 1972 490 2032 EJUSD.
521 1972 590 2017 De
610 1969 823 2028 Francisci
837 1971 1028 2020 SOLANI
1053 1969 1234 2015 inventa
1249 1972 1365 2016 circa
1384 1972 1647 2015 arteriarum
1650 1967 1819 2029 pulsum
1853 1969 1998 2017 Lond.
2021 1981 2105 2027 175
2116 1982 2152 2025 3.
2173 1970 2250 2024 4·ss

193 2036 248 2082 de
279 2035 482 2089 dicr0t0,
521 2034 710 2081 inciduo
741 2036 784 2081 ἃ
808 2035 1138 2097 intermittente
1164 2031 1297 2095 pulsu
1321 2066 1335 2087 ,
1378 2048 1576 2093 quorum
1607 2031 1960 2094 significationes
1990 2033 2250 2082 mechanice

191 2111 534 2161 mterpretatur.

192 2235 194 2238 y
324 2182 496 2242 EJUSD.
528 2180 823 2229 Introdutlion
845 2191 888 2227 to
907 2177 1148 2243 physiology
1171 2178 1296 2242 being
1326 2199 1351 2226 a
1372 2179 1518 2240 course
1547 2179 1601 2242 of
1611 2179 1785 2228 lefflures
1804 2193 1918 2243 upon
1949 2179 2022 2228 the·
2042 2184 2141 2244 most
2176 2187 2254 2229 im<

188 2256 373 2308 portant
399 2258 528 2308 par-ts
557 2247 610 2308 of
629 2247 794 2293 animal
815 2261 1018 2305 aeconomy
1054 2244 1253 2291 London
1277 2257 1412 2304 1759.
1442 2243 1519 2298 8.*
1564 2245 1672 2291 Fere
1693 2244 1866 2306 ubique
1893 2245 2131 2294 nobiscum
2157 2246 2256 2294 sen-

196 2310 277 2362 tit,
314 2308 397 2356 nisi
425 2312 607 2370 quando
640 2327 666 2356 a
693 2312 1033 2359 BOERHAAVIQ
1057 2307 1362 2361 diffeiitimus3
1396 2320 1450 2354 ut
1473 2309 1523 2354 in
1543 2320 1771 2369 tempore,
1809 2327 1900 2370 quo
1925 2312 2098 2356 arteriae
2126 2328 2254 2358 coro-

195 2375 331 2419 nariae
358 2375 615 2433 replentur,
651 2373 776 2434 quod
802 2390 907 2420 cum
931 2373 1285 2421 PRAECEPTORE
1311 2372 1467 2419 nostro
1497 2373 1620 2420 aliud
1649 2371 1755 2421 facit
1778 2390 1803 2420 a
1831 2387 2047 2434 tempore,
2077 2392 2167 2434 quo
2189 2391 2256 2420 rc-

130 2445 136 2453 *
196 2438 331 2497 liquae
359 2438 531 2484 arteriae
555 2437 891 2484 distenduntur.
961 2437 1048 2483 Pro
1072 2438 1263 2487 SOLANl
1292 2436 1508 2497 pulfibus.
1577 2436 1806 2485 Veficulas
1838 2437 1963 2484 fibrae
1989 2439 2252 2485 mul'cularis

195 2503 378 2548 retinet.
464 2501 570 2547 ideo
599 2503 831 2561 longaevos
863 2499 944 2547 effe
971 2498 1136 2561 pisces,
1174 2501 1299 2560 quod
1329 2502 1478 2548 lacteis
1505 2503 1634 2548 venis
1661 2502 1896 2557 destituti,
1936 2501 2050 2550 nihil
2081 2504 2255 2563 patian-

195 2578 273 2614 tur
296 2581 321 2612 a
348 2563 604 2611 mesenterii
634 2563 945 2612 exsiccatione.
1012 2563 1171 2611 Passim
1199 2562 1490 2626 pathologica
1516 2565 1744 2614 admiscet.

326 2648 383 2694 In
418 2645 527 2694 Phil.
561 2646 715 2706 Trans.
748 2647 802 2693 T.
818 2658 896 2704 49.
927 2646 972 2692 P.
991 2646 1025 2692 Ι.
1053 2644 1274 2698 ostendit,
1314 2647 1476 2707 utique
1503 2646 1648 2695 fetum
1682 2650 1906 2710 liquorem
1940 2647 2079 2695 amnii
2104 2646 2258 2708 deglu-

199 2710 302 2764 tire,
333 2711 549 2771 &lingua
574 2711 657 2756 uti.
727 2711 781 2756 ln
806 2708 990 2756 fetubus
1019 2710 1140 2756 enim
1163 2711 1362 2757 vaccinis
1388 2712 1694 2759 ventriculum
1718 2715 1822 2774 pilis
1850 2713 2042 2773 propriis
2068 2712 2256 2771 plenum

201 2775 386 2836 reperiri
409 2778 450 2822 ἃ
474 2774 711 2828 intestina3
757 2791 853 2820 non
883 2775 931 2820 in
955 2790 1089 2828 cane,
1128 2775 1258 2835 cujus
1282 2776 1362 2835 pili
1387 2777 1531 2845 nimis<
1550 2775 1741 2825 firmiter
1771 2779 1867 2824 cuti
1894 2776 2080 2823 haerent.

699 2882 742 2941 ξ,
787 2886 836 2933 Μ
849 2885 897 2931 Χ
911 2885 951 2931 V
966 2885 1035 2932 II.
1138 2884 1378 2945 Franclscus
1405 2885 1721 2934 RONCALLUS
1732 2918 1749 2940 ‚

334 2979 428 3027 A‘ut
461 2982 747 3030 Remitto
783 2983 1067 3036 ΡΑΒΟΜΝΙ,
1110 2992 1163 3028 ut
1193 2984 1369 3029 mavult
1407 2979 1449 3028 se
1477 2983 1659 3035 vocari,
1708 2999 1891 3036 comeS,
1936 2983 2138 3032 medicus
2168 2983 2263 3031 Bri-

205 3039 386 3092 xienfis.
453 3045 565 3093 Non
588 3044 692 3095 satis
721 3050 832 3096 novi
852 3063 909 3094 an
935 3048 1023 3096 huc
1047 3043 1238 3095 referam
1264 3048 1361 3157 ejuSs
1393 3044 1705 3105 dzffirtationes
1724 3059 1936 3110 quatuor,
1974 3065 2075 3112 quae
2101 3049 2263 3094 Brixiae

580 3122 585 3126 ⁸
1376 3125 1395 3157 S
1432 3119 1456 3163 3
2119 3116 2261 3171 17-*00
