2531 3394
553 112 557 113 ἢ
631 141 670 193 ς.
705 140 815 190 216.
853 147 958 197 217.
1029 136 1265 186 VARII,
1329 136 1824 188 SPALANZANI.
2154 146 2254 202 ⁶07>

193 270 372 331 stringit
392 266 451 317 '&
491 270 627 317 laxat.
696 271 751 316 In
777 286 885 316 cane
907 267 1134 316 carcharia
1158 267 1419 329 ampliffima
1441 269 1568 329 gula,
1607 280 1659 314 ut
1691 266 1879 327 phocam
1905 270 2022 318 bove
2051 287 2147 318 non
2169 272 2252 319 mi-

192 350 352 382 norem
378 333 629 395 deglutiat:
664 333 801 395 hepar
818 337 918 380 oleo
946 331 1261 393 pleniffimum.
1334 333 1520 379 Cercbri
1543 333 1740 378 medulla
1760 349 1873 392 aqua
1897 337 2076 396 tegitur.
2151 336 2253 384 Pori

191 395 363 445 mucofi
402 397 628 445 numerosi
660 401 902 459 gelatinam
939 395 1182 443 fundentes
1221 401 1264 442 in
1296 397 1375 443 der
1406 396 1599 445 Seekaze.
1668 395 1902 456 Delphino
1933 402 2055 445 nulla
2085 398 2253 446 vesicu-

190 462 235 509 la
258 460 390 573 {1⁶¹¹}ssss
421 465 461 509 &
490 475 640 510 tamen
661 464 766 510 bilis
785 461 954 510 viridis.
1025 461 1096 508 Sic
1111 460 1161 506 in
1186 461 1241 508 T.
1259 461 1340 508 III.
1370 463 1613 509 SCHYTTE
1640 460 1696 506 de
1718 459 1914 522 spongiis
1936 464 2119 510 marinis
2146 480 2254 512 con-

191 537 264 574 tra
311 543 325 572 1
346 543 360 572 1
398 544 464 573 us.

323 610 378 655 In
406 609 559 656 T.1V.
597 607 650 654 de
681 606 837 668 squalo
871 605 1099 660 maximo,
1150 606 1200 652 in
1238 604 1369 667 cujus
1407 605 1617 655 faucibus
1654 605 1794 654 homo
1829 606 2067 655 commode
2104 607 2252 656 sedere

192 671 334 734 poffet
364 675 404 719 ὃς
429 671 608 734 spirare.

324 755 379 801 In
411 755 467 802 T.
489 753 716 801 XXVIII.
748 755 832 800 Sw.
862 750 1228 814 Wetensk.Acad.
1249 750 1491 815 Handling.
1521 749 1790 800 describitur
1807 752 1979 800 animal
1997 750 2256 814 seepungan

194 834 251 866 ex
271 835 432 880 genere
457 819 743 879 polyporum.

199 964 209 974 ·
253 962 275 1011 f
325 901 380 946 In
404 903 524 947 Petri
543 900 824 971 ‘OM-esem
861 897 1004 946 diario
1031 899 1186 946 T.111.
1213 897 1386 946 Venez.
1412 904 1548 957 1765.
1575 895 1657 957 4.*
1722 898 1932 947 Ureteres
1953 900 2006 948 in
2029 910 2259 948 tumorem

196 980 248 1012 m
270 976 387 1011 antis
413 975 571 1024 apert!-

327 1047 550 1093 CESTARI
580 1044 634 1091 de
659 1044 759 1091 viro
786 1043 946 1106 glande
972 1060 1088 1090 caeca
1113 1041 1300 1089 urethra
1324 1041 1515 1091 inferius
1538 1053 1703 1104 aperta.

199 1191 248 1239 H
328 1126 527 1236 Epistolia
542 1127 792 1235 f'CAsgDAm
823 1126 878 1172 ad
902 1142 972 1172 me
997 1125 1101 1172 data
1125 1125 1179 1171 de
1208 1140 1422 1172 ranarum
1448 1125 1798 1186 experimentis:
1846 1128 1890 1175 &
1919 1141 2018 1174 mea
2047 1122 2259 1174 adversus

253 1205 453 1238 AENIUM
517 1207 538 1236 e
560 1207 616 1236 611
637 1206 696 1236 10.
770 1207 774 1208 ’

325 1273 584 1320 ΡΕΡΕΜΝΟ
616 1269 803 1330 porcelli
832 1270 990 1332 capitis
1013 1281 1137 1332 parte
1163 1270 1367 1318 connati²

327 1355 397 1400 De
422 1364 630 1399 anatome
657 1353 804 1399 lutrae„

330 1438 600 1484 Vincentinzzs
626 1435 1002 1489 szsrmmerm,
1038 1435 1165 1481 null-a
1187 1429 1268 1480 effe
1289 1431 1500 1482 ‘laesorum
1530 1431 1773 1482 tendinum
1802 1432 2119 1496 symptomata.

327 1517 384 1563 In
406 1520 566 1570 Journ.
597 1515 668 1561 des
699 1519 868 1563 Savans
896 1523 1033 1575 1765.
1064 1518 1172 1563 Οέὶ.
1204 1518 1420 1565 RENARD
1448 1516 1588 1564 refert
1613 1517 1667 1564 de
1694 1518 1846 1578 puella
1876 1519 2071 1565 calculos
2098 1533 2177 1578 per
2210 1531 2262 1566 os

197 1578 321 1629 sedes
349 1582 391 1626 &
416 1593 599 1626 uterum
630 1580 803 1627 edente.
872 1580 1177 1627 Fraudulenta
1201 1583 1414 1628 narratio.

330 1663 434 1709 Hoc
462 1678 583 1708 anno
613 1664 732 1721 cepit
764 1661 944 1721 prodire
968 1661 1057 1707 viri
1086 1662 1186 1709 ILL.
1215 1664 1464 1714 OTTONJS
1502 1680 1530 1710 a
1565 1661 1970 1712 MUNCHHAUSEN
2005 1667 2265 1710 Hans-vater

200 1728 419 1776 Hanover
441 1732 577 1784 1765.
603 1724 682 1780 8.*
748 1726 1052 1772 Oeconomici
1074 1725 1355 1786 potiffimum
1382 1729 1656 1788 argumenti,
1686 1742 1737 1774 ut
1760 1740 1913 1774 tamen
1934 1726 2088 1789 paffim
2114 1728 2265 1787 aliqua

203 1788 535 1837 admisceantur
560 1790 692 1836 nobis
719 1787 823 1835 usui
855 1788 1024 1835 futura.
1094 1803 1148 1836 111
1178 1791 1283 1838 T.1.
1317 1791 1527 1838 describit
1557 1792 1810 1853 ustilaginis
1834 1793 2132 1844 animalcula,
2162 1806 2267 1850 quae

202 1855 254 1901 in
281 1855 492 1914 globulos
520 1852 845 1900 convalescunt
871 1870 926 1899 ex
944 1855 1123 1914 punctis
1143 1888 1154 1906 ,
1194 1857 1235 1901 ἃ
1260 1853 1364 1902 suos
1384 1857 1594 1917 globulos
1620 1868 1838 1916 tanquam
1864 1873 1951 1902 ova
1971 1857 2257 1916 relinquunt.

201 1918 387 1980 Fungos
412 1916 492 1964 effe
516 1915 790 1964 insectorum
815 1918 1042 1970 laborem,
1075 1934 1189 1978 aque
1212 1917 1393 1966 inseffls
1421 1918 1527 1973 suis,
1557 1932 1610 1966 ut
1631 1922 1838 1973 corallia,
1876 1919 2000 1967 strui.

337 2001 394 2046 In
420 2000 476 2046 T.
496 1999 578 2045 IV.
608 1999 654 2046 P.
672 2000 728 2045 11.
757 1997 999 2045 confirmat
1025 1997 1104 2045 sua
1127 2000 1402 2047 animalcula
1430 2018 1483 2048 ex
1519 2000 1870 2048 fermentatione
1895 2015 2014 2048 nata.
2083 1999 2268 2062 Phyfio-

203 2064 350 2125 logica
374 2064 553 2123 aliqua:
585 2063 745 2123 objicit
769 2061 1071 2123 physiologis,
1107 2064 1229 2123 quod
1252 2081 1336 2112 nos
1364 2082 1460 2112 non
1492 2066 1709 2118 doceant,
1750 2081 1864 2111 num
1891 2067 2140 2113 contrafflo
2164 2067 2267 2112 tho-

204 2129 319 2237 racszis
354 2129 399 2238 gd
433 2128 584 2200 cordis
619 2126 866 2188 praecedat,
916 2143 1030 2174 num
1058 2128 1279 2177 dilatatio.
1361 2131 1490 2178 Num
1519 2146 1623 2178 vere
1646 2126 1784 2190 poffit
1818 2129 1876 2176 de
1899 2128 1983 2177 hac
2015 2129 2263 2191 quaestione

204 2207 252 2239 re
274 2208 368 2252 pon
403 2206 482 2238 eri.

337 2273 394 2319 In
410 2277 580 2320 Hanov.
602 2276 816 2334 Magazin
837 2279 970 2333 1765.
1005 2274 1140 2322 Fetus
1159 2275 1338 2336 gemelli
1350 2274 1609 2337 pectoribus
1630 2274 1828 2323 obversis
1851 2276 2055 2338 plerique
2080 2276 2267 2338 connati

206 2333 340 2390 sunt,
382 2338 489 2383 alias
513 2335 749 2390 decussati,
784 2338 891 2384 alias
917 2338 1138 2399 bicipites.
1209 2340 1278 2386 De
1299 2337 1575 2386 formatione
1594 2356 1806 2387 ovorum.

647 2469 685 2519 §.
727 2467 781 2514 M
796 2467 834 2512 C
848 2468 884 2513 C
897 2467 946 2515 X
959 2468 1007 2513 V
1022 2469 1042 2514 Ι
1056 2469 1092 2515 Ι.
1198 2473 1396 2518 Lazarus
1426 2471 1781 2518 SPALLANzAm
1797 2505 1811 2525 ,

338 2596 427 2643 Vir
448 2595 652 2657 egregius
667 2629 680 2649 ‚
715 2598 756 2643 &
777 2594 1055 2656 potiffimum
1075 2597 1210 2645 etiam
1234 2599 1284 2646 in
1305 2600 1496 2647 minutis
1513 2601 1786 2648 animalibus
1811 2599 2187 2661 contemplandis,
2223 2600 2268 2647 St

210 2661 261 2710 in
286 2659 547 2707 difficilibus
575 2662 893 2719 experimentis
914 2662 1131 2708 iterandis
1157 2661 1318 2716 solers,
1356 2664 1607 2712 Ticinenfis
1634 2664 1864 2712 Profeffor.
1932 2665 2007 2726 EJ.
2046 2668 2199 2726 Saggio
2222 2663 2270 2711 di

210 2724 492 2788 qffervazioni
521 2723 834 2784 microscopiche
870 2723 1138 2772 concernenti
1168 2727 1203 2772 il
1219 2727 1377 2789 fistemo
1407 2729 1513 2775 della
1541 2734 1824 2790 generazione
1852 2728 1903 2774 de
1931 2731 1972 2775 S.
1996 2729 2040 2774 N
2048 2741 2268 2776 EEDHAM

211 2807 236 2835 e
266 2793 462 2836 BUFFON
494 2787 658 2848 absque
685 2788 786 2834 loco
817 2790 857 2834 &
886 2805 1043 2842 anno3
1085 2789 1158 2836 sed
1195 2808 1233 2838 a.
1259 2800 1394 2849 1765.
1435 2792 1630 2840 Mutinae
1655 2797 1733 2850 4*
1800 2792 2083 2838 Animalcula
2112 2791 2273 2838 descri-

212 2851 284 2898 bit
313 2863 415 2898 nata
444 2853 492 2898 in
518 2868 663 2911 aqua,
700 2853 775 2899 cni
801 2854 923 2898 varia
949 2869 1136 2914 corpora
1165 2854 1313 2902 infusa
1341 2855 1559 2903 fuerunt:
1596 2873 1644 2903 ea
1669 2854 1762 2901 fere
1789 2854 1995 2902 veficulis
2030 2856 2268 2909 constant,

215 2917 479 2961 membrana
507 2917 641 2961 variae
666 2915 823 2962 formae
845 2914 984 2964 fastis.
1057 2917 1256 2965 Globosa
1281 2922 1458 2979 aliqua,
1496 2921 1544 2966 in
1568 2921 1787 2965 ambitum
1815 2919 2000 2972 radiata,
2035 2933 2166 2965 motu
2188 2917 2270 2965 suo

215 2992 381 3041 aquam
404 2980 741 3030 conturbali-tia.
809 2980 932 3030 Vera
964 2981 1121 3029 omnia
1153 2999 1232 3043 per
1259 2981 1340 3032 sua
1365 2983 1489 3048 ligna
1507 2984 1745 3038 animalia,
1781 2998 1879 3031 non
1911 2985 2135 3054 organicae
2168 2998 2272 3092 par-

2099 3059 2193 3095 ticu
2215 3061 2271 3100 ae.
