2531 3394
641 77 684 166 ς.
722 105 860 156 1043.
905 106 1041 158 1044.
1103 93 1429 153 HURTER,
1497 93 1817 149 BUFFoN.
2165 106 2254 161 365

210 221 474 289 quentibus,
512 223 774 286 quindecim
808 226 1048 274 volumina
1066 244 1081 279 3
1126 237 1227 272 tum
1260 222 1392 273 Paris.
1419 236 1555 285 1749.
1598 227 1641 273 &
1678 224 1969 287 sequentibus
2006 228 2151 281 forma
2186 243 2257 280 12.

207 287 465 351 Hamburgi
486 289 756 337 Germanice
790 289 968 349 versum
986 290 1054 337 ‘ab
1077 304 1198 335 anno
1225 301 1360 347 1751.
1388 291 1469 348 4.*
1506 289 1667 343 deinde
1693 290 1744 336 in
1777 294 2094 351 compendium
2131 297 2275 351 redae„

211 357 336 402 &um
367 355 430 400 est
466 370 581 414 opus
612 355 763 401 Berlin
795 366 931 414 1772.
962 360 1004 407 8.
1072 353 1421 413 Conjungemus
1453 354 1522 401 Cl.
1551 354 1758 401 virorum
1787 354 1984 408 labores,
2022 375 2125 405 nam
2144 359 2258 420 phy.

205 416 293 465 sica
310 433 410 478 pars
436 417 498 464 est
516 419 766 466 Bul-“mun
783 452 796 472 ‚
831 415 1088 464 anatomica
1111 416 1505 465 D‘AUBEN‘rom.
1573 418 1750 468 Tomus
1773 418 1808 464 1.
1828 434 1924 464 non
1954 417 2061 467 facit
2081 422 2137 468 ad
2160 440 2256 469 rem

204 479 420 528 nostram.
487 483 544 529 T.
565 482 622 529 11.
650 495 775 528 totus
798 481 860 527 est
889 481 1152 527 BUFFONH.
1222 481 1442 527 Continet
1464 479 1737 542 hypothesin
1769 482 1822 527 de
1849 484 2139 545 generatione
2165 489 2260 533 ani-

208 545 397 592 malium
419 546 460 591 &
482 547 510 592 1.
541 545 595 592 de
613 544 812 592 hominis
839 543 1024 591 historia
1046 544 1256 591 naturali.
1325 545 1381 591 In
1403 545 1544 605 priori
1568 545 1796 606 paradoxa
1812 545 1888 592 illa
1907 546 1960 592 de
1986 544 2258 595 formatione

207 609 476 658 animalium
512 605 671 669 placita
700 608 910 668 reperias.
976 608 1091 655 Dari
1114 608 1346 655 materiem
1379 610 1664 672 organicam,
1709 625 1810 670 quae
1844 607 2058 657 fabricam
2093 612 2263 657 anima-

208 673 265 720 lis
301 684 381 720 aut
409 675 574 733 plantae
609 685 858 733 perpetuet.
925 671 1036 718 Eam
1065 674 1116 717 in
1146 688 1309 733 corpus
1340 673 1545 719 nostrum
1581 685 1806 734 receptam
1833 673 1881 720 id
1913 690 2077 734 corpus
2110 675 2259 721 alere:

211 737 338 796 quod
368 734 643 796 superfluum
667 734 748 788 fit,
783 735 831 781 id
856 734 911 781 ad
936 735 1173 782 modulum
1202 737 1405 797 corporis
1434 737 1574 783 nostri
1594 736 1752 784 fictum
1782 740 2026 784 convenire
2058 739 2109 784 in
2133 736 2263 785 semi-

210 801 336 847 nales
361 811 508 860 partes
535 799 774 859 utriusque
807 797 966 851 sexus,
1006 801 1047 846 &
1073 798 1249 846 efficere
1278 802 1520 861 particulas
1554 803 1817 862 organicas,
1849 818 1949 862 quae
1983 800 2150 849 habitae
2177 801 2263 849 lint

207 880 291 924 pro
319 863 580 910 vermiculis
602 861 908 923 spermaticis:
942 864 1106 922 Neque
1123 875 1273 909 tamen
1291 880 1342 909 ea
1367 881 1471 911 vera
1497 863 1606 911 sunt
1619 866 1854 918 animalia,
1889 862 1963 910 sed
1990 882 2093 912 cum
2112 864 2265 913 fimili-

206 927 296 974 bus
315 926 547 987 particulis
564 928 745 972 alterius
775 925 904 972 sexus
928 927 1187 987 conjuncta,
1218 944 1293 987 per
1313 928 1638 975 adtractionem
1668 930 1864 990 partium
1898 927 2176 984 fimilarium,
2212 931 2263 977 in

207 1006 384 1038 novum
410 991 575 1036 animal
602 991 784 1036 abeunt.
856 989 1024 1036 Vidiffe
1045 989 1115 1043 se,
1152 1003 1204 1037 ut
1230 992 1278 1036 in
1308 990 1476 1038 semine
1505 991 1581 1038 fila
1595 991 1906 1046 efflorescant,
1946 995 1986 1039 &
2012 993 2066 1039 de
2086 994 2140 1040 iis
2169 996 2265 1055 glo-

205 1054 305 1101 buli
328 1052 538 1100 secedant
562 1056 790 1100 celerrime
809 1055 951 1106 moti,
991 1055 1070 1113 qui
1090 1066 1240 1100 tamen
1264 1057 1475 1115 paulatim
1508 1058 1550 1102 Sc
1578 1059 1695 1102 mole
1711 1058 1994 1109 minuantur,
2022 1060 2071 1119 &p
2084 1071 2263 1104 motum

209 1117 439 1165 amittant,
511 1119 681 1164 Similia
712 1116 978 1178 corpuscula
1001 1119 1051 1163 in
1077 1118 1279 1178 corporis
1316 1120 1427 1165 lutei
1452 1118 1631 1166 feminae
1656 1119 1849 1166 humore
1878 1122 2094 1181 reperiri;
2149 1120 2264 1168 {imi-

209 1183 269 1229 lia
292 1182 429 1229 etiam
461 1182 511 1227 in
541 1198 656 1241 aqua
678 1198 787 1228 cum
831 1182 1043 1228 carnibus
1072 1184 1305 1229 variorum
1335 1184 1601 1230 animalium
1640 1185 1836 1231 decocta.
1904 1186 1974 1231 Ex
1995 1186 2265 1233 abundanti-

207 1245 294 1293 bus
323 1244 550 1307 ejusmodi
576 1247 808 1305 particulis
836 1245 1036 1292 monstra
1067 1244 1180 1293 fieri.

334 1326 534 1374 Historia
556 1327 776 1374 naturalis
808 1325 1031 1381 hominis,
1069 1327 1166 1389 ejus
1188 1329 1472 1383 incrementi,
1505 1330 1614 1376 vitae
1639 1331 1680 1376 ὃς
1702 1330 1863 1377 mortis
1888 1331 2069 1377 alteram
2092 1343 2266 1392 partem

212 1389 354 1451 hujus
385 1390 501 1437 tomi
525 1388 680 1437 efficit.
750 1391 928 1438 Aetates
952 1390 1179 1445 hominis,
1216 1409 1461 1453 earumque
1496 1392 1785 1447 functiones,
1828 1395 2065 1455 pubertas,
2109 1396 2265 1442 castra-

210 1456 277 1502 tio
298 1489 310 1508 ,
347 1452 542 1502 menses,
577 1453 894 1515 superfetatio,
932 1456 1251 1515 proportiones
1284 1460 1516 1518 partium,
1553 1456 1753 1504 adfectus
1788 1459 1942 1504 animi.
2010 1460 2267 1519 Hymenem

211 1518 373 1579 rejicit.
441 1519 513 1565 De
538 1518 820 1565 incremento
850 1516 1011 1566 offium
1042 1522 1083 1566 ἃ
1110 1519 1398 1582 osteogenia5
1443 1522 1497 1567 de
1528 1522 1799 1568 incrementi
1826 1522 2129 1570 retardatione
2152 1559 2164 1578 ,
2213 1531 2264 1571 de

213 1583 508 1644 proceritate,
556 1584 661 1629 vitae
689 1582 956 1637 duratione,
998 1585 1292 1644 longaevitate
1330 1586 1696 1638 antediluviana,
1751 1602 1806 1632 ex
1836 1587 2014 1633 minore
2050 1587 2266 1635 densitate

211 1646 416 1693 alimenti
455 1657 577 1693 nata.
645 1647 834 1693 Tabulae
871 1649 1144 1695 emortuales
1179 1650 1237 1695 D.
1269 1650 1323 1696 de
1355 1652 1418 1698 St.
1443 1646 1564 1697 PRE'.
1650 1650 1970 1711 Experimenta
2015 1654 2270 1699 catulorum

210 1708 295 1757 sub
320 1726 485 1771 aquam
507 1707 774 1758 mersorum.

345 1792 402 1838 In
426 1792 581 1844 T.111,.
610 1791 704 1852 agit
731 1791 784 1837 de
809 1790 1035 1846 sensibus,
1072 1791 1350 1854 po'tiffimum
1388 1794 1442 1841 de
1471 1794 1584 1842 visu.
1654 1794 1883 1844 Infantem
1922 1814 2065 1858 nuper
2108 1816 2270 1845 natum

216 1854 391 1904 inversa
415 1854 586 1902 videre.
652 1857 723 1902 De
748 1856 1077 1918 presbyopibus
1109 1859 1151 1904 δι
1180 1859 1437 1918 myopibus.
1525 1861 1596 1905 De
1623 1861 1816 1907 auditu:
1869 1860 2052 1909 officula
2087 1863 2270 1910 auditus

214 1919 438 1967 accidenti
469 1919 633 1966 deberi.
702 1921 898 1966 Manum
926 1922 1175 1967 accuratius
1205 1936 1415 1980 tangere,
1455 1923 1578 1983 quod
1607 1922 1660 1970 sit
1688 1926 1737 1970 in
1759 1925 1925 1986 digitos
1955 1924 2126 1973 divisa:
2162 1926 2271 1975 hinc

217 1983 522 2045 prudentiora
548 1982 629 2029 effe
656 1984 883 2037 animalia,
915 1986 1079 2044 quibus
1095 1985 1226 2046 digiti
1248 1983 1347 2032 fissi.
1419 1987 1535 2045 <Sed
1561 1989 1687 2048 penis
1705 2005 1801 2035 non
1817 1988 1953 2043 fiffus,
1982 1992 2109 2037 omni
2128 1991 2272 2053 digito

216 2048 468 2095 accuratius
484 2047 670 2107 tangit.)
738 2049 808 2093 De
823 2047 1150 2108 Aethiopibus,
1189 2051 1241 2094 de
1257 2050 1456 2096 caudatis
1471 2051 1763 2106 hominibus,
1802 2054 1855 2099 de
1883 2054 2273 2102 variishominum

216 2110 474 2174 generibus.
545 2114 707 2158 Atrum
735 2113 933 2158 colorem
958 2111 1038 2158 eise
1062 2113 1116 2158 ab
1147 2113 1269 2159 aestu.
1339 2114 1393 2160 In
1423 2131 1574 2161 rerum
1605 2116 1867 2177 primordiis
1897 2119 2086 2165 unicum
2125 2118 2272 2166 homi-

216 2192 322 2222 nem
349 2192 492 2236 genus
519 2172 661 2221 fuisse.

346 2258 545 2317 Majores
574 2255 649 2304 hic
670 2258 1040 2308 D'AUBENTONI
1074 2270 1219 2318 partes
1246 2256 1352 2305 sunt
1369 2293 1381 2312 ,
1411 2259 1607 2307 custodis
1629 2259 1945 2312 thesaurorum
1963 2266 2013 2311 in
2041 2264 2176 2312 horto
2189 2265 2274 2312 Re-

219 2322 293 2382 gio
319 2319 614 2367 servatorum.
683 2322 822 2368 Varia
853 2323 908 2368 ad
934 2334 1080 2382 partes
1109 2324 1310 2383 corporis
1333 2322 1523 2370 humani
1540 2328 1769 2373 contulit:
1807 2327 1908 2381 offa,
1942 2329 2273 2390 osteogeniam3

220 2383 306 2431 offa
327 2382 562 2438 morbosa,
600 2384 761 2445 gibbos
779 2419 792 2438 ,
828 2399 974 2445 partes
999 2387 1200 2446 corporis
1224 2386 1414 2433 humani
1437 2405 1536 2434 cera
1574 2402 1748 2449 repetas
1772 2411 1784 2443 3
1835 2405 1975 2438 artem
2012 2393 2271 2452 injiciendi,

223 2451 265 2495 &
282 2448 331 2494 in
346 2446 505 2508 spiritu
519 2464 590 2494 eas
613 2460 758 2508 partes
781 2447 1093 2495 conservandi.
1163 2452 1218 2496 In
1239 2453 1384 2497 muria
1399 2450 1581 2499 sceletos
1595 2452 1813 2501 albescere
1837 2456 1998 2508 docet;
2037 2459 2075 2502 8<
2100 2455 2193 2502 fuse
2221 2456 2275 2500 de

220 2511 388 2560 sceletis
402 2512 610 2572 parandis
634 2513 738 2572 agit.
809 2511 916 2559 offa
928 2514 1180 2562 W'ORMH.
1248 2516 1576 2575 Deinjiciendo
1591 2534 1813 2565 marmore
1837 2518 1951 2565 tuso.
2016 2520 2147 2565 Fetus
2172 2535 2277 2565 cum

221 2592 380 2623 eorum
405 2576 629 2622 iconibus.
704 2573 927 2622 Masculus
954 2588 1098 2635 partes
1120 2593 1144 2622 a
1170 2575 1401 2624 femininis
1432 2577 1527 2625 solo
1559 2579 1643 2627 situ
1675 2578 1854 2629 differre
1885 2600 1939 2628 ex
1967 2584 2175 2630 GALENO
2210 2599 2276 2629 re-

223 2643 349 2701 petit.
418 2638 625 2687 Monstra
647 2640 784 2685 varia.
852 2641 1077 2686 Anatome
1102 2657 1253 2693 cerea,
1286 2643 1421 2689 nimis
1445 2642 1556 2690 fuse.
1626 2646 1894 2692 Germanice
1920 2658 2052 2705 1752.
2090 2659 2135 2705 4.

351 2721 407 2767 In
430 2721 484 2767 T.
503 2720 585 2767 IV.
617 2718 750 2766 Paris.
776 2733 908 2778 1753.
937 2723 1013 2779 43*
1047 2723 1329 2770 BUFFONJUS
1359 2727 1463 2786 agit.
1500 2727 1570 2772 De
1588 2728 1849 2773 animalium
1868 2727 2051 2773 historia
2066 2730 2276 2776 naturali.

167 2786 169 2789 ’
226 2785 413 2831 Nullam
436 2785 490 2831 iis
516 2785 712 2830 animam
747 2783 852 2838 effe,
885 2787 926 2831 &
944 2788 1159 2832 memoria
1180 2787 1376 2834 destitui.
1446 2790 1557 2836 Non
1577 2793 1771 2849 cogitare
1795 2791 2020 2844 animalia,
2050 2808 2146 2838 non
2166 2791 2279 2839 cres-

231 2863 326 2893 cere
362 2864 519 2895 eorum
552 2846 818 2902 facultates,
855 2847 1381 2909 ignorare'servitutem.
1471 2854 1659 2900 Nullam
1695 2870 1829 2912 apum
1864 2852 1944 2900 eise
1975 2855 2277 2914 prudentiam.

230 2910 369 2956 Addit
389 2912 456 2957 (31ἢ
473 2913 844 2967 D’AUBENTQN,
877 2911 1003 2976 figna
1025 2930 1050 2960 a
1072 2912 1283 2962 dentibus
1309 2918 1350 2963 ἃ
1378 2919 1585 2963 mammis
1615 2915 1760 2964 sumta
1785 2916 1840 2963 ad
1866 2917 2179 2967 constituenda
2207 2937 2280 2982 ge-

234 2986 342 3019 nera
363 2989 459 3022 non
482 2987 584 3054 apta
614 2976 773 3023 videri.

1304 3042 1343 3089 Z
1367 3058 1393 3094 z
1426 3054 1448 3099 3
2141 3050 2280 3097 Porro
