2531 3394
208 149 318 214 μισ
634 125 772 177 tra
805 118 910 174 ix.
976 113 1385 170 ANATOMES
1436 78 1895 187 reare-erro.

224 261 404 312 manice
436 255 637 307 Berolini
658 262 793 314 1762.
829 251 906 307 84*
973 253 1044 298 De
1065 247 1308 309 sanguine3
1357 244 1454 304 eJus
1485 241 1680 288 calorem
1708 251 1811 296 113.
1843 238 2008 301 gradus
2044 240 2280 289 FAHREN-

229 337 518 377 flmTIANOs
559 322 609 367 in
645 315 972 366 vivo'homine
1008 313 1214 360 nondum
1245 306 1493 369 superall'e:
1554 313 1702 351 aerem
1741 304 1887 350 multo
1924 308 2064 366 magis
2094 303 2278 350 calesce-

225 410 276 441 re
297 427 310 445 ‚
341 381 506 449 absq'ue
543 387 647 431 vitae
681 386 866 444 jactura.
935 379 1159 426 Globulos
1184 373 1414 433 sanguinis
1449 381 1688 431 perpetuos
1724 367 1833 426 effe,
1885 383 1980 413 non
2009 369 2194 428 quidem
2229 368 2280 413 in

226 457 429 504 minores
449 451 560 497 alios
587 447 761 494 ‹li-vidit
796 444 930 491 fibras
953 443 1114 488 nullas.
1182 440 1665 496 Temperamentorum
1696 432 1902 492 princeps
1926 428 2277 478 fundamentum

227 519 313 567 effe
340 519 392 564 in
418 514 560 563 firmis
590 511 806 573 partibus.
877 509 948 552 De
979 505 1244 551 arteriarum
1270 498 1457 549 officio;
1505 494 1681 542 difficili
1714 495 1976 554 quaestione.
2044 496 2199 542 Minui
2230 494 2282 540 in

228 581 434 631 minimis
460 578 735 627 celeritates,
770 573 921 618 minus
946 583 1126 618 tame-n,
1158 581 1292 625 quam
1326 580 1381 608 ex
1406 562 1586 608 calculis
1604 558 1813 619 sperares.
1903 563 1941 604 A
1973 558 2125 604 nervis
2166 556 2282 603 nihil

228 647 306 696 hic
326 643 505 706 sperari.
573 640 742 698 Utique
765 632 1031 696 pression-em
1059 631 1282 676 lateralem
1315 628 1467 672 locum
1495 625 1674 670 habere.
1743 624 1809 670 Ut
1831 620 1984 682 pulsus
2010 619 2282 681 conspicuus

233 708 455 759 nascatur.
543 704 753 749 Calorem
789 711 939 745 tamen
974 713 998 741 a
1031 706 1160 740 motu
1186 692 1293 742 effe,
1340 691 1552 736 ruborem
1584 686 1701 733 for-te
1728 704 1751 732 a
1779 685 1916 732 ferro.
1986 687 2050 733 Ut
2078 686 2281 731 celeritas

233 777 287 824 in
311 772 440 820 venis
468 765 741 815 renascatur.
808 762 954 807 Etiam
982 760 1033 805 in
1056 758 1183 803 venis
1213 752 1371 815 preffio
1403 753 1596 799 lateralis
1622 753 1771 798 locum
1799 749 1949 796 hab-et.
2027 750 2282 800 Humores,

236 835 491 901 glandulae,
528 843 769 888 earumque
790 824 976 871 fabrica.
1045 822 1273 870 Secreti03
1318 819 1437 863 varia
1468 832 1569 876 quae
1597 814 1778 875 poffunt
1808 814 1864 860 ad
1899 812 2170 873 separandos
2200 810 2286 857 hu-

236 916 387 950 mores
420 894 635 943 conferre.
725 890 968 937 particulas
1007 882 1166 932 diversi
1189 882 1364 942 ingenii
1390 881 1441 926 in
1465 879 1683 938 sanguine
1711 877 1817 931 else,
1855 877 1936 923 has
1964 875 2069 923 satis
2101 875 2287 922 commi-

234 967 344 1016 stas,
382 962 647 1022 plerumque
673 955 887 1013 impuras,
919 952 973 997 de
997 967 1050 995 eo
1078 947 1305 998 decedere,
1341 946 1392 990 in
1416 944 1643 1005 glandulis
1672 945 1936 1001 plerumque
1960 938 2173 986 resorbtis
2202 938 2287 984 hu-

229 1027 437 1077 moribus
468 1019 642 1082 aquosis
669 1017 890 1079 depurari.
960 1016 1029 1060 Ad
1058 1014 1402 1060 HAMBERGERl
1440 1005 1737 1068 hypo-thesin,
1783 1022 1883 1051 non
1915 1003 2184 1066 respondere
2211 1019 2286 1049 ex-

233 1092 485 1154 perimenta
515 1085 702 1145 legibus.
771 1080 841 1128 Ad
868 1077 1133 1138 Francisbmn
1156 1076 1387 1122 LAMURE.

363 1171 540 1218 Tomus
563 1166 645 1213 111.
681 1161 931 1210 Lausannae
967 1164 1097 1216 1760.
1137 1170 1182 1215 4.
1204 1158 1256 1208 ³⁵,
1294 1153 1401 1200 inde
1437 1151 1659 1212 Neapoli,
1711 1148 1921 1196 Venetiis
1947 1183 1960 1201 ,
2003 1149 2045 1194 &
2086 1146 2287 1194 Berolini

240 1243 376 1296 1766.
420 1233 524 1287 8.*.
592 1225 919 1288 Respirationis
961 1222 1315 1268 instrumentum
1361 1215 1457 1263 fuse
1485 1235 1498 1268 ;
1551 1215 1773 1261 costarum
1818 1212 1984 1259 fabrica
2026 1213 2068 1258 &
2115 1208 2284 1258 motus.

234 1299 350 1350 fuse
387 1297 462 1343 hic
497 1295 551 1341 de
589 1291 802 1354 potestate
841 1285 1150 1334 musculorum
1193 1280 1547 1328 intercostalium
1584 1279 1885 1325 internorum.
1976 1276 2097 1322 Raro
2133 1277 2286 1335 peetus

231 1369 464 1433 integrum
496 1371 729 1416 tamquam
762 1368 909 1400 unum
945 1366 1107 1409 corpus
1135 1346 1309 1398 levari,
1351 1346 1617 1405 plerumque
1655 1341 1796 1388 costas
1839 1338 2076 1387 inferiores
2115 1339 2171 1384 ad
2215 1337 2288 1384 su-

235 1429 433 1491 periores
457 1421 737 1470 adse-endere.
801 1415 936 1464 Unde
962 1429 1085 1459 error
1109 1410 1160 1457 sit
1176 1425 1358 1461 eorum,
1395 1409 1475 1467 qui
1493 1407 1718 1452 contraria
1744 1414 2020 1464 putaverunt
2038 1401 2081 1449 se
2098 1401 2252 1448 vidiffe
2272 1421 2285 1453 ;

237 1489 517 1555 potissimum
546 1502 602 1532 ex
625 1501 678 1530 eo
705 1493 861 1532 ortus,
903 1477 1027 1538 quod
1050 1474 1166 1522 solas
1196 1472 1255 1519 ad
1281 1471 1449 1518 medias
1474 1470 1616 1516 costas
1650 1471 1806 1515 oculos
1834 1465 2143 1520 intenderint,
2179 1480 2288 1526 quaa

235 1572 341 1604 rum
362 1552 597 1600 firmitates
618 1562 776 1609 parum
795 1539 1048 1590 differrent.
1116 1539 1289 1598 Utique
1315 1551 1509 1582 nervum
1536 1533 1650 1579 noni
1673 1533 1788 1593 paris
1817 1547 1918 1578 eum
1944 1530 2159 1590 phrenico
2182 1545 2290 1575 con-

237 1619 397 1682 jungi3
435 1616 574 1675 huius
601 1610 805 1674 phrenici
825 1608 1156 1668 phaenomena3
1194 1600 1344 1661 thymi
1366 1601 1433 1645 lac
1460 1600 1501 1644 ἅν
1526 1597 1635 1643 lobi.
1703 1598 1773 1642 De
1797 1603 1896 1641 ae're
1932 1595 2051 1640 inter
2084 1595 2288 1654 pleuram

239 1687 284 1731 ἃ
310 1683 577 1744 pulmonem
603 1675 794 1722 omnin-o
820 1686 917 1718 non
940 1665 1249 1717 admittend0‚
1283 1661 1408 1716 fuse,
1455 1664 1497 1709 &
1532 1677 1609 1721 per
1645 1660 1791 1706 varias
1824 1658 2088 1704 animalium
2123 1656 2287 1704 classes.

238 1748 422 1792 Venam
451 1741 761 1803 pulmonalem
780 1735 941 1795 utique
968 1731 1129 1778 arteria
1155 1728 1297 1775 sodali
1319 1729 1549 1773 minorem
1570 1722 1666 1770 effe.
1735 1723 1862 1769 Aeris
1883 1721 2092 1774 historia,
2128 1718 2289 1782 pressio

237 1813 290 1859 in
314 1808 577 1867 sanguinem
608 1804 786 1862 exigua.
856 1794 1184 1856 Respirationis
1210 1792 1349 1838 stadia
1372 1793 1414 1837 δε
1443 1790 1665 1849 cujusque
1694 1785 1851 1833 causae.
1939 1786 2215 1846 Sanguinem
2247 1786 2290 1831 &

239 1890 320 1936 per
342 1869 682 1930 inspirationem
703 1868 745 1912 Sc
765 1878 841 1924 per
864 1859 1210 1920 exspirationem
1230 1857 1278 1901 in
1299 1856 1512 1914 pulmone
1539 1852 1707 1912 colligi.
1774 1851 2132 1910 HARVEJANUM
2154 1849 2289 1907 aenig-

240 1952 316 1984 ma
340 1934 554 1984 solvitur,
591 1933 633 1978 gc
661 1927 911 1975 ostenditur
937 1923 1103 1970 mutari
1128 1919 1386 1981 respirando
1416 1918 1703 1978 pulmonem,
1740 1930 1836 1960 non
1860 1927 2012 1960 tamen
2033 1913 2144 1959 adeo
2172 1905 2292 1958 subi-

241 2013 291 2049 to
327 1995 629 2045 neceffitatem
663 1989 910 2052 respirandi
935 1984 1156 2034 subnasci.
1240 1981 1398 2029 Pulsus
1426 1997 1553 2026 venae
1579 1978 1866 2039 pulmonalis.
1935 1978 2109 2023 Contra
2143 1983 2291 2022 aerem

240 2063 473 2111 elasticum
506 2057 754 2118 sanguini-s.
840 2054 1013 2099 Dextra
1046 2047 1148 2096 vasa
1183 2049 1229 2094 Bc
1277 2047 1455 2092 dextras
1493 2059 1647 2090 caveas
1677 2041 1868 2102 pectoris
1898 2040 1948 2086 in
1975 2053 2155 2087 maturo
2192 2037 2290 2086 fetu

239 2127 435 2187 majores
459 2121 539 2169 effe
562 2141 575 2174 3
612 2121 665 2166 de
695 2136 743 2166 ea
769 2115 1068 2177 amplitudine
1096 2109 1269 2172 aliquid
1296 2112 1346 2156 in
1370 2109 1527 2155 adulto
1548 2106 1733 2153 homine
1760 2101 1988 2164 supereffe.
2055 2106 2125 2149 De
2146 2104 2293 2162 laryn-

244 2207 314 2252 ge,
338 2189 473 2236 etiam
488 2187 636 2232 avium
658 2217 670 2237 ,
710 2184 752 2229 δε
777 2181 830 2227 de
847 2195 988 2226 voce:
1021 2176 1299 2237 singularum
1325 2174 1556 2220 literarum
1575 2169 1789 2217 formatio
1806 2166 2077 2231 >mechanica
2098 2185 2109 2213 z
2146 2169 2189 2214 δι·
2213 2183 2294 2214 vo-

239 2256 356 2302 cales
375 2254 494 2304 οᾶὶο,
521 2263 674 2296 earum
699 2260 888 2306 quaeque
908 2241 1040 2289 surda
1060 2252 1140 2286 aut
1161 2241 1290 2285 cla-ra.

370 2333 546 2380 Tomus
572 2328 655 2375 IV.
689 2324 909 2374 Lausann.
933 2328 1065 2380 1762.
1097 2318 1194 2379 4.*‚
1230 2332 1331 2366 tum
1358 2316 1581 2377 Neapoli,
1616 2314 1849 2367 Venetiis,
1889 2316 1931 2361 &
1957 2312 2184 2366 Berolini‚
2217 2312 2292 2360 hic

247 2404 384 2458 1768.
413 2394 491 2450 8.*
559 2391 744 2438 Cerebri
771 2403 848 2450 per
874 2389 996 2432 varia
1027 2383 1237 2431 animalia
1262 2394 1474 2428 anatome
1508 2384 1679 2438 (quam
1710 2391 1864 2424 tamen
1891 2379 2040 2450 postea
2062 2378 2111 2423 in
2133 2378 2294 2424 avibus

245 2467 289 2511 &
318 2459 511 2523 piscibus
535 2452 755 2516 perfecit)
791 2453 833 2498 δι
862 2449 1075 2510 pondera.
1167 2448 1223 2493 In
1262 2445 1452 2492 aviculis
1495 2458 1703 2503 magnam
1741 2442 1911 2488 cerebri
1944 2442 2166 2487 rationem
2211 2439 2292 2486 effe

247 2528 307 2573 ob
332 2520 635 2572 macilentiam
658 2517 801 2565 totius
828 2513 1043 2573 corporis.
1110 2509 1298 2557 Cerebri
1325 2508 1553 2568 particulae
1569 2540 1581 2559 ,
1613 2507 1698 2552 tria
1722 2506 2081 2553 ventriculorum
2107 2507 2294 2556 cornua,

243 2585 537 2650 hippocampi
560 2581 692 2644 pedes
720 2581 761 2626 &
786 2578 936 2629 taenia,
968 2578 1010 2622 &
1036 2574 1205 2636 unguis
1226 2571 1414 2619 recess'us
1440 2569 1712 2629 posterioris.
1780 2570 1915 2616 Tunc
1934 2568 2131 2614 medulla
2150 2565 2297 2627 spinaa

244 2655 329 2704 lis,
375 2651 486 2697 dura
518 2658 685 2698 mater,
720 2643 818 2704 ejus
856 2639 1009 2690 fibrae3
1048 2638 1102 2683 de
1136 2638 1233 2697 ejus
1272 2650 1403 2682 motu
1434 2633 1490 2680 ab
1521 2632 1694 2679 arteriis
1726 2634 1767 2679 &
1793 2649 1816 2678 a
1848 2630 2155 2691 respiratione.
2225 2629 2294 2676 Ad

246 2717 481 2763 ILAMURU
512 2709 806 2771 objectiones.
873 2705 1047 2749 Duram
1077 2700 1388 2746 membranam
1421 2713 1521 2743 cum
1552 2697 1705 2742 nervis
1734 2711 1832 2741 non
1859 2696 1994 2754 longe
2017 2693 2293 2740 continuari.

246 2781 319 2825 De
347 2776 547 2837 partibus
571 2769 899 2820 sentientibus3
932 2782 1006 2813 eas
1030 2762 1111 2811 effe
1129 2798 1141 2816 ‚
1172 2763 1337 2822 quibus
1366 2761 1501 2807 multi
1526 2757 1633 2805 sunt
1659 2759 1813 2812 nervi,
1857 2760 1939 2816 qui
1970 2756 2051 2803 soli
2084 2755 2295 2803 sentiant,

249 2843 363 2887 Non
383 2839 570 2891 sentire,
605 2836 772 2897 quibus
799 2832 947 2882 nulli3
992 2826 1177 2879 obtuse,
1214 2826 1379 2885 quibus
1407 2825 1551 2884 pauci.
1619 2822 1859 2882 Meninges
1881 2837 1976 2866 non
1998 2819 2176 2865 sentire,
2226 2821 2297 2866 De

249 2903 510 2963 spiritibus,
564 2900 866 2959 conjedturae:
912 2905 1066 2940 motus
1102 2887 1411 2936 musculorum
1434 2888 1613 2937 var‘mS,
1649 2899 1886 2936 mortuuS,
1916 2882 2103 2936 insitus,
2136 2900 2300 2929 nervo-

245 2966 352 3021 sus,
386 2981 465 3030 per
484 2965 788 3026 experimenta
815 2957 1019 3020 separati.
1086 2953 1248 3004 Tendo
1275 2967 1423 3012 neque
1448 2947 1614 3002 sentit,
1651 2962 1800 3008 neque
1834 2958 1965 2996 motu
2000 2948 2121 2996 valet
2147 2945 2298 2994 infito.

2136 3012 2300 3061 Motus
