2531 3394
828 101 873 161 §-
912 111 997 165 871
1039 128 1102 138 —
1138 110 1244 164 873·
1311 86 1359 150 V
1387 103 1427 151 A
1459 104 1501 152 R
1535 105 1624 152 11-
1856 135 1858 137 -
2172 124 2260 174 125

339 238 457 283 Cent.
482 233 612 281 VIII.
642 232 724 294 obsi
743 245 813 293 57.
844 231 1000 288 Jacohz·
1018 233 1280 285 DILLENu,
1312 231 1466 291 magni
1490 228 1714 278 herbariae
1739 233 1954 284 doctrinae
1966 242 2259 300 promotoris‚

213 298 326 347 olim
350 300 483 346 amici
510 299 622 352 mei,
659 304 868 345 anatome
893 295 1135 347 hirudinis,
1164 310 1267 340 cum
1291 294 1507 341 intestino
1523 328 1535 348 ,
1575 294 1848 356 corpusculis
1874 303 2160 360 glandulosis.

337 381 392 427 In
412 380 638 443 appendice
662 381 757 441 ejus
773 377 1019 426 voluminis
1038 374 1271 436 Godofioedi
1285 376 1505 434 Benjamin
1520 375 1721 429 PREUSS,
1748 378 2125 438 Vratislavienfis‚
2154 403 2259 434 ana-

205 455 327 499 tome
353 443 488 498 fetus,
523 445 599 491 cui
625 444 849 490 abdomen
874 454 1095 500 apertum,
1129 437 1296 486 viscera
1317 439 1528 500 pendula.
1567 441 1657 486 lien
1674 441 1722 486 in
1740 443 2042 491 ventriculum
2062 449 2254 509 illapsus.

341 525 624 588 Christophori
641 521 891 572 ‘Bernhardi
917 521 1214 567 VALENTINI
1244 532 1453 568 anatome
1470 521 1551 568 lari
1571 522 1737 569 cinerei
1754 524 1954 585 majoris,
1995 529 2109 574 Cent.
2130 528 2256 578 VIII,

210 589 292 650 obs
319 602 401 649 52:
441 593 483 636 ἃ
514 590 604 650 pici
633 588 779 648 nigri,
815 574 899 644 ofisl
930 596 1004 642 53.

338 673 427 720 Vol.
450 672 484 718 I.
515 670 596 730 obs?
629 680 731 726 154.
765 664 958 713 veficula
984 663 1101 712 fellis
1130 666 1338 713 maxima.

332 757 379 801 E.
398 758 460 800 Ν.
485 755 528 799 C.
557 749 644 799 Vol.
661 749 718 794 II.
745 746 827 805 obfi
857 758 958 805 124.
997 746 1095 807 post
1121 763 1313 807 puerum
1345 746 1619 808 perfectum,
1650 765 1774 798 nono
1806 750 1877 798 die
1901 749 2019 800 fetus
2047 751 2258 814 digitalis.

337 833 432 893 obs
457 843 559 889 125.
594 828 712 876 fetus
732 828 910 889 biceps,
946 829 1073 889 bipes
1103 845 1208 876 cum
1231 841 1456 877 anatome.

329 916 384 962 In
403 914 512 974 Hzst.
533 910 771 959 del’Acad.
804 923 939 968 1719.
975 908 1163 957 bufonis
1192 913 1287 957 vivi
1311 912 1458 958 media
1477 913 1526 959 in
1547 915 1671 961 ulmo
1701 914 1866 976 reperti
1897 918 2172 978 exemplum.

335 996 391 1045 In
418 994 641 1042 Breslauer
660 992 955 1054 Sammlzmgen
987 989 1167 1055 Versuch
1194 992 1297 1040 VII.
1313 1026 1327 1048 ‚
1363 993 1487 1042 varia
1506 995 1736 1050 monstra3
1771 997 1892 1045 i'nter
1917 1003 1966 1045 e'a
1986 998 2140 1061 biceps
2161 999 2262 1047 uni-
2332 1024 2335 1025 ν

204 1075 470 1122 corporeum
499 1058 767 1119 quadrupes.
1723 1066 1726 1067 ⁷

331 1141 465 1191 Pueri
498 1135 701 1186 difformi
727 1154 866 1185 manu
902 1139 944 1186 &
974 1138 1100 1199 pede.

335 1223 555 1281 Qinque
580 1219 697 1268 fetus
721 1237 817 1267 uno
846 1232 980 1281 partu
1007 1220 1132 1268 editi.

334 1304 406 1350 De
431 1303 571 1349 odore
599 1301 830 1350 moschato
855 1303 1054 1364 pilorum
1082 1304 1171 1350 uri.

332 1386 469 1433 Fetus
498 1382 648 1430 mense
670 1383 884 1446 vigesimo
914 1383 1076 1432 editus.

327 1468 461 1519 Pueri
492 1483 604 1528 pene
632 1462 862 1520 difformi,
900 1465 1046 1514 diviso
1079 1467 1216 1521 alter,
1252 1468 1364 1515 alter
1396 1468 1559 1530 glande
1590 1481 1720 1519 caeca.

335 1547 510 1608 Versuch
537 1548 663 1595 VIII.
700 1548 1019 1595 Hirundinum
1046 1550 1217 1610 glomer
1244 1548 1326 1597 sub
1350 1551 1477 1612 aquis
1503 1550 1687 1600 mersus.
1757 1553 1918 1602 Ovum
1944 1554 2252 1606 bicaudatum.

329 1633 480 1680 Baccae
507 1647 609 1676 uvae
634 1627 767 1690 supra
793 1628 1114 1692 sexagesimum
1137 1631 1257 1677 diem
1285 1632 1336 1678 in
1363 1635 1620 1681 ventriculo
1643 1646 1847 1684 retentae.

328 1715 482 1762 Puella
509 1728 587 1772 per
615 1709 784 1772 septem
806 1728 949 1760 annos
976 1711 1080 1760 alita
1100 1713 1151 1759 in
1173 1711 1456 1761 nosodochio
1480 1715 1761 1765 Florentino.

328 1797 400 1843 De
424 1793 560 1856 signis
585 1793 692 1840 vitae
720 1804 800 1840 aut
826 1796 950 1841 necis
977 1794 1029 1841 in
1051 1792 1163 1841 fetu.

329 1873 508 1937 Versuch
535 1876 620 1922 IX.
655 1874 710 1921 de
736 1876 892 1935 pluvia
919 1873 1167 1936 sanguinea
1197 1873 1318 1923 succi
1343 1876 1471 1926 rubri
1492 1878 1793 1941 papilionum.

325 1959 513 2008 Partum
537 1956 841 2004 ocstimestrem
860 1957 917 2006 ad
939 1958 1130 2004 abortus
1156 1958 1400 2018 pertinere.

336 2036 516 2099 Versuch
537 2039 599 2086 X.
629 2038 779 2098 aliqua
808 2037 862 2084 de
885 2055 1125 2086 erucarum
1150 2041 1455 2100 generatione.

325 2121 542 2195 Horninis
580 2118 898 2166 melancholici
943 2121 1200 2182 exemplum
1230 2155 1243 2175 ‚
1298 2123 1378 2183 qui
1417 2120 1518 2184 post
1552 2122 1781 2185 jejunium
1821 2125 2120 2190 quadraginta
2164 2127 2255 2177 die-

199 2203 302 2235 rum
330 2196 479 2247 pernt.

325 2269 481 2315 Homo
511 2262 752 2312 artificiose
785 2276 920 2313 utens
947 2282 1087 2314 manu
1116 2263 1336 2320 deformi,
1371 2266 1561 2328 pedibus
1583 2285 1792 2326 mancus,

330 2348 502 2397 Mulier
530 2346 599 2393 bis
630 2358 826 2394 mortua.

264 2450 276 2454 Α
327 2431 418 2483 Hic
446 2431 489 2475 ὃς
515 2429 623 2476 alibi
655 2428 709 2476 de
737 2446 846 2478 cane
879 2431 1109 2491 loquente.

330 2515 378 2567 J.
405 2509 631 2571 Godofred.
657 2511 902 2558 Euenum
939 2512 990 2558 in
1026 2529 1127 2562 nov.
1154 2512 1220 2562 Iit.
1254 2511 1410 2575 Lipfiae
1440 2526 1575 2574 1719.
1616 2514 1707 2576 agit
1742 2515 1798 2569 de
1837 2531 2100 2567 cancrorum
2143 2521 2250 2567 luna

203 2573 424 2626 crescente
453 2585 699 2636 augmento
733 2575 1018 2638 imaginario.

1936 2966 2244 3039 LIBER
