2531 3394
702 105 751 173 δ’,
792 129 911 176 1099
945 142 1008 153 --
1046 129 1184 166 1101.
1250 117 1762 172 HEUERMANN.
2170 137 2267 189 437
2317 160 2320 164 -

173 256 185 267 “
208 246 440 311 fiologiam
451 258 639 310 tangat..
689 247 895 296 Monstra
916 250 1084 311 agnina
1105 248 1366 310 frequenter
1389 250 1590 311 reperiri,
1619 268 1696 299 ore
1723 253 1904 309 canino,
1932 272 1956 303 a
1977 268 2146 307 terrore
2171 276 2263 308 ma-

211 325 292 360 tris
328 325 447 359 nata.

336 395 476 441 Porro
506 389 805 455 Chrssophbrus
834 392 1005 441 Gottlob
1025 395 1274 441 GRUNmG
1306 396 1424 454 cepit
1447 393 1536 442 hoc
1557 412 1680 444 anno
1707 397 1836 445 edere
1861 402 2155 464 Sammlungen
2178 423 2261 455 zur

208 462 392 506 N'atur-
413 458 506 504 und
534 456 911 520 Kunstgeschichte,
935 455 1177 514 sbnderlich
1204 462 1248 503 in
1277 459 1413 505 Ober-
1436 459 1615 521 Sachsen
1649 460 1932 526 Schnceberg
1965 478 2097 524 1749.
2116 471 2188 521 8.*
2215 472 2257 517 &

208 525 340 569 annis
364 520 669 582 sequentibus.
737 519 1010 576 Monstrifici
1030 522 1171 582 aliqui
1196 534 1366 582 partus,

338 606 393 651 In
416 621 612 651 nouveau
642 605 852 663 Magazin
880 604 1078 663 Frmzfois
1101 604 1298 650 London
1317 617 1452 665 1750.
1483 607 1559 661 8.*
1616 608 1885 656 Membrana
1908 611 2173 672 pupillaris:
2210 613 2263 659 de

209 667 407 730 uracho:
441 668 746 729 experimenta
776 666 826 711 in
858 666 1040 713 cerebro
1067 665 1196 715 fat‘la.

764 794 811 852 ς.
850 797 999 845 MCI.
1102 802 1299 862 Georgius
1329 800 1696 857 HEUERMANN,

334 909 505 960 Incisor
538 915 579 959 ὃς
598 911 808 959 Medicus
831 911 1104 959 Hafniensis.
1169 914 1244 974 EJ.
1279 913 1369 961 diff.
1389 916 1672 977 inauguralis
1700 918 1752 966 de
1777 919 1925 983 lingua
1952 919 2137 970 humana
2153 939 2264 984 prae-

208 978 296 1026 side
325 981 370 1024 B.
397 981 442 1032 J.
472 976 524 1022 de
555 979 874 1029 summio,
911 978 1082 1036 prodiit
1114 976 1293 1024 Hafniae
1324 990 1458 1038 1749.
1482 982 1564 1038 4.)ιν
1630 984 1900 1044 Papillarum
1937 987 2117 1033 tertiam
2164 1005 2264 1049 par-

206 1056 296 1090 tem
325 1040 515 1088 vasculis
539 1039 637 1087 fieri
657 1060 670 1093 3
717 1041 770 1086 de
794 1042 848 1086 iis
871 1042 1143 1087 vermiculos
1165 1043 1365 1088 eminere
1393 1061 1543 1091 cereos
1571 1048 1653 1092 &c.

338 1126 407 1185 EJ.
447 1121 701 1183 Pliyfiologie
717 1120 896 1168 Hafniae
922 1123 978 1168 T.
997 1123 1032 1169 Ι.
1058 1135 1192 1181 1751.
1222 1122 1300 1178 8.*
1354 1125 1630 1173 Universum
1659 1126 1798 1188 hujus
1821 1128 2020 1179 scientiae
2040 1133 2263 1181 ambitum

204 1187 375 1235 tradit:
429 1187 504 1232 hic
539 1188 802 1233 communia
839 1187 990 1246 aliqua
1026 1187 1190 1241 habet,
1233 1202 1333 1234 tum
1367 1188 1497 1244 vasa,
1550 1190 1790 1247 humores,
1846 1212 1953 1249 cor,
2000 1199 2258 1257 pulmones.

205 1254 352 1312 Saepe,
391 1251 514 1312 quod
540 1249 653 1296 mihi
675 1250 843 1296 honori
869 1251 985 1296 duco
1005 1285 1017 1304 ‚
1055 1269 1231 1298 mecum
1259 1251 1408 1300 sentit.
1480 1257 1590 1302 Suas
1616 1255 1856 1305 incisiones
1880 1260 1930 1306 in
1954 1259 2079 1308 fibris
2112 1263 2263 1309 cordis

203 1315 382 1362 secutus
419 1315 494 1361 est.
590 1316 812 1362 Animalia
835 1315 973 1375 ligato
996 1333 1099 1376 pare
1125 1334 1239 1378 vago
1270 1318 1389 1364 iutra
1415 1319 1646 1372 triduum,
1698 1321 1948 1383 intercepto
1986 1325 2261 1373 intercostali

203 1381 324 1427 intra
354 1379 597 1426 trihorium
629 1378 799 1439 periisse
825 1378 957 1425 vidit.
1043 1381 1201 1426 Fetum
1226 1381 1474 1441 acephalon
1499 1382 1732 1439 describit,
1762 1388 1986 1449 plerisque
2011 1387 2259 1438 visceribus

204 1445 494 1496 destitutum,
534 1445 575 1489 8ι
597 1441 742 1489 fetum
767 1442 962 1504 deprcsso
986 1445 1153 1504 capite,
1190 1446 1371 1492 cerebro
1397 1460 1638 1494 carentem.

332 1525 461 1574 T.11.
489 1526 548 1572 ib.
571 1537 705 1583 1752.
730 1527 800 1579 8.*
837 1527 1026 1587 Organa
1049 1525 1261 1573 sensuum
1287 1529 1328 1574 ἃ
1351 1529 1492 1576 vocis.
1525 1532 1777 1592 Laryngem
1801 1531 1947 1580 nihilo
1969 1534 2120 1583 minus
2149 1534 2262 1583 cras-

204 1588 302 1638 sum
327 1592 376 1637 in
402 1589 582 1636 feminis
608 1588 718 1650 saepe
744 1590 887 1643 vidit,
925 1607 1060 1650 quam
1083 1590 1135 1636 sit
1165 1593 1213 1637 in
1242 1594 1362 1639 viris.
1432 1593 1548 1641 Vasa
1567 1595 1843 1656 lymphatica
1862 1600 1910 1645 in
1942 1601 2053 1646 dura
2082 1601 2260 1647 menin-

204 1673 256 1718 ge
280 1668 408 1715 putat
430 1653 469 1700 se
498 1652 650 1700 vidisse
672 1688 683 1706 ‚
720 1656 768 1700 in
798 1653 985 1700 homine
1006 1653 1249 1703 submerso.
1321 1657 1378 1703 In
1411 1674 1460 1704 ea
1499 1660 1759 1707 membrana
1794 1660 1912 1709 fad'to
1945 1666 2258 1724 experimento

203 1722 382 1767 nullum
412 1717 587 1765 sensum
620 1719 838 1778 conperit.
909 1720 1039 1764 Duos
1072 1721 1315 1778 peculiares
1342 1724 1622 1770 ventriculos
1649 1726 1697 1770 in
1714 1725 1936 1773 thalamos
1958 1729 2133 1787 opticos
2155 1747 2259 1789 pro-

204 1784 388 1837 ductos,
428 1781 560 1829 semel
591 1781 718 1828 vidit.
788 1784 857 1828 De
884 1783 1027 1829 oculis
1055 1781 1181 1830 fule:
1217 1786 1341 1832 oculi
1365 1788 1667 1834 mutationem
1691 1791 1871 1851 corpori
1905 1791 2046 1839 ciliari
2078 1793 2256 1842 tribuit.

203 1849 363 1895 Icones
388 1849 578 1908 propriae
609 1846 792 1893 cerebri.

334 1931 390 1977 T.
411 1930 492 1976 111.
526 1940 659 1986 1753.
688 1927 768 1982 8.*
836 1925 1103 1977 Confirmat
1136 1930 1457 1992 experimentis
1498 1929 1586 1982 suis
1622 1931 1876 1984 insensilem
1906 1937 2150 1986 tendinum
2181 1957 2258 1987 nae

203 2009 376 2043 turam,
421 1993 775 2040 irritabilitatem
811 1991 913 2040 solis
951 1993 1164 2042 musculis
1195 1999 1427 2057 relinquit.
1497 1998 1783 2053 Mustulum,
1824 2002 1933 2048 dum
1963 2004 2080 2064 agit,
2127 2004 2258 2051 detu-

205 2057 409 2111 mescere,
438 2074 514 2118 per
547 2059 922 2117 experimentum.
993 2059 1167 2106 Contra
1191 2061 1308 2107 vires
1344 2062 1579 2110 dilatantes
1606 2066 1804 2125 proprias
1833 2066 1995 2114 cordis.
2074 2067 2259 2116 Viscera

203 2142 228 2171 a
258 2123 427 2169 dextris
456 2122 511 2168 ad
542 2120 714 2167 sinistra
738 2124 954 2169 translata
978 2122 1095 2169 vidit
1113 2158 1125 2176 ‚
1164 2123 1265 2170 vasa
1294 2128 1343 2171 in
1373 2128 1473 2172 colo
1507 2128 1721 2175 intestino
1749 2128 1910 2177 Iadica.
1969 2133 2158 2178 Nullam
2188 2134 2256 2179 bi-

201 2189 292 2234 lem
321 2187 369 2232 in
390 2184 582 2232 vesicula
613 2186 830 2246 generari.
899 2186 953 2231 In
980 2203 1089 2233 cane
1117 2187 1171 2233 ad
1201 2186 1276 2234 sex
1310 2191 1469 2237 uncias
1507 2192 1608 2239 bilis
1639 2193 1761 2240 intra
1789 2206 1862 2253 24.
1898 2193 2032 2242 horas
2065 2194 2252 2245 secerni.

203 2253 364 2297 Ceram
393 2249 503 2297 ursit
533 2266 587 2295 ex
621 2250 783 2296 arteria
812 2252 861 2295 in
891 2249 1078 2297 duitum
1115 2255 1466 2311 pancseaticum.
1568 2258 1622 2302 In
1650 2274 1810 2304 venam
1841 2272 2071 2319 portarum
2097 2259 2255 2320 pulsus

202 2315 370 2361 humor
400 2313 608 2360 facillime
633 2314 683 2359 in
711 2330 874 2360 venam
907 2330 1087 2368 cavam,
1129 2316 1292 2362 deinde
1316 2320 1365 2363 in
1392 2319 1551 2366 bilaria
1573 2319 1673 2367 vasa
1692 2355 1704 2374 ,
1741 2321 1972 2369 difficilius
1999 2324 2048 2369 in
2071 2326 2256 2371 arterias

203 2376 390 2425 transit:
436 2395 491 2423 ex
515 2378 677 2424 arteria
708 2378 872 2438 pariter
902 2375 1078 2427 facilius
1108 2380 1156 2425 in
1190 2396 1352 2427 venam
1379 2398 1556 2437 cavam,
1603 2383 1834 2434 difficilius
1874 2388 1924 2433 in
1956 2404 2117 2434 venam
2148 2405 2251 2449 por-

203 2455 366 2490 tarum.
435 2443 522 2488 Lac
567 2458 621 2487 ex
659 2440 760 2488 vase
799 2443 939 2487 la6teo
976 2459 1052 2502 per
1096 2445 1355 2504 glandulam
1402 2445 1742 2496 mesentericam
1774 2451 1824 2497 in
1868 2453 1950 2498 alia
1980 2450 2080 2498 vasa
2117 2455 2254 2498 lac‘lea

202 2505 359 2554 transit
393 2506 558 2562 (etiam
586 2507 774 2558 iterato,
811 2506 878 2551 bis
903 2508 942 2551 &
968 2507 1094 2561 ter).
1166 2509 1410 2556 Glandulae
1433 2513 1675 2559 ventriculi
1702 2517 1743 2561 ἃ
1771 2516 1884 2575 pori.
1956 2516 2104 2561 Cavea
2132 2517 2254 2561 lacli-

201 2570 294 2617 fera
323 2570 526 2616 intestini
561 2585 636 2629 per
669 2569 873 2615 arteriam
910 2572 1091 2631 repleta.
1179 2573 1318 2619 Raras
1351 2574 1468 2621 vidit
1501 2577 1748 2625 laiteorum
1777 2578 1988 2626 vasorum
2021 2582 2061 2626 &
2092 2579 2254 2626 ductus

202 2633 421 2682 thoracici
448 2634 702 2680 varietates.
772 2633 1003 2687 Greffum,
1042 2634 1206 2682 saltum
1235 2638 1315 2684 ἃς.
1345 2636 1441 2685 fuse
1467 2638 1689 2688 describit.

330 2718 386 2764 T.
408 2717 490 2763 IV.
518 2728 651 2774 1755.
678 2712 760 2769 8.*
827 2715 982 2762 Urinae
1005 2715 1191 2764 secretio
1210 2753 1222 2771 ‚
1260 2722 1516 2780 generati0‚
1552 2724 1647 2770 vita
1672 2725 1713 2770 &
1732 2740 1868 2771 mors.
1936 2724 2055 2770 Cum
2076 2721 2256 2770 muscu-

202 2782 236 2826 li
261 2781 311 2826 in
327 2781 571 2841 paralytica
601 2778 770 2825 femina
799 2780 1157 2835 contabuiffent‚
1193 2781 1281 2828 offa
1315 2784 1572 2832 tenuissima
1600 2786 1805 2834 fuerunt.
1881 2789 2086 2834 Dudum
2115 2785 2158 2833 se
2188 2789 2255 2835 vi-

203 2843 325 2897 disse,
361 2861 415 2890 ex
443 2862 575 2891 cavea
602 2841 792 2903 capsula:
823 2844 984 2890 renalis
1020 2845 1069 2891 in
1100 2847 1266 2906 pelvim
1307 2849 1427 2895 renis
1455 2862 1638 2897 euntem
1657 2870 1670 2903 3
1717 2867 1795 2911 per
1828 2867 1930 2896 eum
1967 2851 2152 2898 ductum
2188 2865 2254 2898 te-

204 2907 605 2964 nuem-humorem
631 2905 821 2953 adfundi
840 2908 984 2954 urinae
1004 2943 1016 2961 ‚
1047 2926 1181 2968 quam
1209 2911 1366 2957 diluat.
1444 2914 1606 2961 Nullas
1630 2917 1679 2960 in
1715 2927 1888 2960 uretere
1915 2914 2053 2961 fibras
2075 2915 2255 2962 muscu-

204 2967 319 3019 losas
352 2970 448 3020 effe.
521 2974 751 3021 Ureterem
791 2973 941 3033 amplo
976 2973 1138 3021 tubulo
1176 2986 1406 3036 patentem
1433 2977 1563 3024 vidit.
1633 2979 1807 3026 Contra
1830 2979 2170 3033 BUFFONIUM‚
2209 2981 2254 3028 ἃ

1257 3039 1314 3087 li
1347 3040 1363 3086 i
1399 3052 1421 3096 3
2156 3043 2253 3091 vim
