2531 3394
271 117 368 168 494
620 69 627 70 7
669 105 940 152 marr.
1002 72 1430 151 ANATOMES
1479 96 1914 153 PERF‘EQCTIO.

393 239 440 291 J.
470 231 782 298 Chrtstophorus
806 235 1103 282 KUHLEMAN
1132 229 1309 276 summo
1337 228 1488 275 labore
1531 228 1854 276 &incredibili
1880 230 2015 278 taedio
2050 228 2230 292 praesuit
2265 228 2328 277 fe-

269 298 590 349 fecundationi
617 299 916 361 quadraginta
947 297 1036 342 fere
1070 296 1226 341 ovium
1246 328 1258 347 ‚
1298 310 1406 354 quas
1441 293 1490 338 in
1525 291 1755 341 theatrum
1788 294 1992 341 nostrum
2033 290 2225 350 adtulit,
2250 306 2329 347 „ut
2382 339 2384 343 .

199 384 204 386 ·
270 366 553 416 incrementa
575 362 897 411 subcrescentis
929 359 1045 407 fetus
1072 358 1292 419 speculari
1336 355 1516 418 poss'em.
1586 356 1811 416 Adparuit
1836 359 1887 403 in
1920 375 2004 405 ove
2035 361 2086 406 in
2115 370 2327 406 venerem

271 428 454 477 furente
484 427 720 476 vesiculam
749 429 797 473 in
827 427 984 472 ovatio
1010 422 1218 470 tumuisse
1239 442 1251 474 3
1289 439 1315 468 a
1339 438 1503 467 venere
1527 421 1682 467 tubam
1708 421 1864 467 ovario
1887 420 2011 468 fuisse
2035 424 2326 484 adplicatam;

270 492 510 541 vesiculam
538 507 718 553 ruptam
753 506 935 537 mucum
965 502 1202 534 cruentum
1232 485 1442 537 emisni'c3
1479 484 1699 531 subnatos
1721 487 1768 530 in
1793 501 1843 531 ea
1866 484 1992 532 fuifl‘e
2022 487 2186 534 floccos
2205 522 2217 542 ,
2249 488 2329 549 qui

271 559 491 620 paulatim
523 555 646 617 quafi
671 557 720 602 in
750 556 904 601 acinos
938 550 1196 598 confirmati
1222 551 1432 596 abierunt
1455 551 1503 595 in
1527 566 1690 609 corpus
1721 551 1908 595 luteum.
1993 551 2164 596 Verum
2188 568 2329 598 ovum

274 639 372 668 non
399 636 504 668 antc
530 623 570 667 d.
601 634 670 677 17.
705 619 915 667 vidimus,
955 617 1204 675 oblongum
1236 617 1275 660 ἃ
1302 612 1537 660 mucosum
1567 612 1838 660 folliculum.
1907 615 2060 674 Hujus
2084 613 2204 661 fetus
2229 613 2332 661 sub-

269 685 529 739 nascentem
548 683 868 745 perfectionem
896 680 1044 726 noster
1065 691 1272 725 accurate
1289 679 1618 738 contemplatus
1638 676 1699 723 est
1725 679 1778 723 ad
1803 678 1919 724 diem
1942 676 2127 738 fere40.
2167 677 2329 726 Reeus.

272 762 410 811 1753.
435 749 514 809 4*
549 747 719 809 Lipsiae.
756 746 941 793 Titulus
967 744 1028 790 est
1064 742 1375 802 obfhrvationes
1401 747 1514 788 circa
1538 746 1752 803 negotium
1769 744 2053 805 generationis
2095 744 2332 806 Gottingae

276 816 414 875 1753-
440 811 520 873 4*

397 893 595 951 Joachim
618 892 753 949 Jacob
779 893 985 940 RHADES
1010 889 1062 936 de
1073 889 1199 950 ferra»
1212 887 1430 950 sanguim}
1450 887 1623 948 alibique
1647 887 1818 948 liquida
1837 889 2084 936 animalibus
2119 890 2330 951 Gotting.

275 972 412 1019 1753.
443 958 525 1019 4.*
591 957 914 1018 Experimenta
943 952 1033 1015 ipse
1058 953 1192 1007 fecit,
1227 954 1510 1012 aliquantum
1537 969 1561 997 a
1589 953 1991 1000 Menenmffims
2017 952 2203 1000 diversa.
2252 956 2331 1001 So-

273 1028 345 1073 lus
365 1041 498 1070 cruor
519 1021 688 1068 ferrum
704 1021 922 1067 continet.
995 1020 1152 1067 Serum
1181 1033 1282 1064 cum
1314 1017 1450 1062 variis
1472 1014 1640 1062 salibus
1672 1015 1925 1077 conposuit.
1994 1020 2165 1079 Liquor
2192 1018 2346 1076 amnii

270 1105 431 1150 parum
455 1087 590 1133 habet
613 1086 834 1147 gelatinae.
903 1084 971 1130 Ex
992 1083 1122 1143 adipe
1145 1082 1308 1128 habuit
1337 1080 1515 1127 acidum
1543 1081 1781 1140 liquorem.

397 1169 606 1218 Emanuel
627 1166 724 1223 Joh.
742 1168 902 1214 EVERS
932 1169 1221 1227 experimenta
1246 1168 1360 1209 circa
1377 1161 1612 1221 submersos
1638 1167 1681 1208 in
1702 1162 1947 1208 animalibus
1966 1165 2158 1224 instituta
2219 1165 2336 1211 'Got-

279 1237 395 1295 ting.
421 1245 556 1292 1753.
583 1230 667 1291 4*
733 1232 789 1277 Et
818 1229 908 1291 ipse
940 1230 1121 1276 auditor
1148 1227 1296 1274 noster
1325 1243 1477 1272 coram
1505 1243 1575 1272 me
1600 1225 1694 1272 haec
1719 1229 2022 1287 experimenta
2053 1226 2170 1274 fecit.
2232 1229 2359 1276 Uti-s

274 1300 434 1360 quein
458 1299 576 1344 vivis
604 1296 877 1343 animalibus
901 1291 1139 1340 submersis
1169 1308 1330 1352 aquam
1359 1293 1408 1336 in
1440 1292 1656 1350 pulmone
1685 1289 1838 1344 fuiffe,
1870 1292 2010 1351 inque
2044 1294 2334 1346 ventriculo;

273 1379 512 1422 nunquam
533 1377 642 1408 vero
670 1361 718 1406 in
746 1359 801 1406 iis
828 1359 1043 1410 canibus,
1081 1358 1160 1417 qui
1181 1373 1204 1402 a
1226 1368 1376 1401 morte
1403 1355 1530 1413 aquis
1563 1353 1748 1400 demerfi
1774 1353 1969 1401 fuerant.
2040 1356 2094 1401 In
2120 1357 2333 1405 intestina

272 1443 390 1487 aqua
417 1443 515 1473 non
541 1423 715 1472 transit,
782 1425 1037 1483 Nunquam
1058 1421 1211 1482 potuit
1237 1417 1484 1466 submersas
1513 1418 1672 1465 bestias
1699 1417 1961 1466 refocillare.

405 1513 452 1563 J.
481 1511 651 1569 Georgii
671 1506 883 1558 Ruuea,
921 1505 1088 1566 pariter
1124 1503 1346 1550 auditoris
1375 1501 1533 1554 nostri,
1568 1501 1675 1546 inde
1700 1499 1956 1548 Profefforis
1976 1500 2222 1549 Bremenfis
2240 1537 2252 1556 ‚
2286 1501 2338 1550 de

271 1589 373 1619 voce
393 1574 562 1633 ejusque
586 1575 758 1632 organis
792 1568 919 1618 Leid.
945 1580 1079 1626 1753.
1107 1568 1187 1627 4*
1255 1568 1403 1614 Etiam
1436 1564 1532 1611 haec
1558 1567 1866 1625 experimenta
1891 1568 1941 1612 in
1974 1566 2128 1612 nostro
2156 1566 2334 1614 theatro

270 1635 386 1684 satia
413 1635 547 1689 sunt,
593 1636 755 1681 ultima
792 1651 950 1681 eorum
984 1633 1037 1679 ad
1073 1650 1172 1692 quae
1209 1631 1423 1692 capienda
1457 1631 1683 1690 ingenuos
1714 1631 1905 1689 juvenes
1932 1631 2141 1678 excitavi.
2212 1632 2338 1679 Utile

272 1714 392 1748 certe
423 1699 513 1747 fuit
546 1698 807 1746 institutum
829 1733 841 1752 ‚
892 1701 934 1744 &
972 1698 1025 1744 ad
1065 1698 1242 1757 publica
1272 1695 1512 1742 commoda
1546 1696 1742 1740 multum
1781 1696 2052 1741 collaturum
2078 1729 2090 1747 ,
2138 1693 2222 1741 nisi
2264 1712 2337 1742 me

275 1764 459 1812 adversa
490 1763 705 1811 valetudo
740 1763 880 1809 vitam
923 1760 1130 1824 coegiffet
1167 1776 1364 1820 quaerere
1403 1760 1555 1804 minus
1596 1756 1882 1804 laboriosam.
1987 1760 2214 1806 Caeterum
2266 1761 2335 1807 Cl.

271 1830 457 1878 RUNGE
494 1828 802 1888 experimenta
833 1828 1080 1873 FERRENH
1118 1826 1319 1871 imitatus
1349 1823 1435 1876 cst,
1475 1825 1515 1869 8<
1547 1836 1684 1868 tonos
1717 1823 1942 1869 acutiores
1973 1836 2053 1870 aut
2082 1821 2335 1871 obtufiores

272 1894 403 1940 reddi
428 1894 592 1953 reperit
613 1927 623 1944 ‚
661 1893 731 1937 uti
752 1893 995 1952 ligamenta
1023 1890 1228 1951 glottidis
1258 1888 1400 1948 magis
1428 1889 1638 1933 minusve
1663 1887 1971 1933 tenderentur.
2042 1889 2336 1947 Superiorum

274 1958 645 2017 ligamentorum,
676 1972 776 2015 quse
807 1957 848 2001 ἃς
884 1954 977 2015 ipsa
1004 1953 1209 2000 oscillant
1242 1952 1437 2011 suosque
1476 1952 1683 1997 tendines
1708 1950 1903 2004 habent,
1935 1964 2073 1998 tonus
2095 1952 2229 1998 altior
2258 1952 2334 2000 est.

275 2020 568 2069 Acutiffimus
590 2018 728 2066 sonus
754 2018 808 2066 fit
834 2036 857 2066 a
877 2020 1129 2080 ligamentis
1148 2017 1456 2068 inferioribus,
1487 2015 1703 2062 haclenus
1721 2013 1946 2075 separatis,
1969 2030 2021 2062 ut
2043 2014 2124 2061 soli
2144 2015 2256 2062 fines
2281 2016 2337 2062 ad

273 2087 583 2146 cartilaginem
597 2084 807 2130 haereant.
878 2085 1014 2129 Acuti
1031 2083 1164 2129 etiam
1179 2081 1278 2128 soni
1292 2080 1414 2128 fiunt
1430 2079 1727 2126 adscendente
1743 2081 1940 2140 larynge.
2013 2080 2078 2125 Ad
2094 2091 2337 2126 anatomen

274 2150 477 2211 laryngis
521 2148 658 2195 varia.
755 2149 996 2195 Foramina
1039 2144 1285 2194 vasculosa.
1374 2145 1630 2206 Ligamenti
1674 2143 2025 2204 thyreohyoidei
2077 2141 2331 2191 officulum.

273 2213 779 2274 Thyreoepiglottideos
820 2210 1049 2259 musculos
1097 2209 1238 2258 homo
1288 2209 1424 2256 habet
1449 2243 1461 2263 ,
1516 2224 1612 2254 non
1664 2207 1849 2273 perinde
1901 2207 2334 2269 hyoepiglottidcos.

274 2278 422 2326 Nervi
453 2289 659 2324 accurate
697 2277 816 2322 dieti.

408 2358 573 2406 Daniel
598 2376 684 2404 van
714 2359 853 2405 EYCK
891 2358 942 2405 de
975 2359 1217 2405 tentriculo
1252 2356 1376 2403 Leid.
1404 2366 1539 2413 1753.
1563 2353 1642 2413 4.*

409 2439 510 2496 Joh.
532 2441 810 2487 HIDD1NGA
827 2441 878 2487 de
897 2445 944 2486 vi
963 2439 1021 2496 ἓξ
1039 2440 1182 2501 εῂΓεὲἶιι
1207 2444 1471 2486 arteriarum
1493 2442 1538 2484 in
1555 2436 1698 2500 fluida
1724 2447 1922 2484 contenta
1959 2435 2082 2483 Leid.
2111 2448 2243 2497 1753.
2259 2437 2337 2496 4*

410 2520 632 2571 friderich
667 2525 951 2570 ALLAMAND
983 2523 1034 2568 de
1063 2535 1236 2568 externo
1269 2522 1408 2568 tatius
1440 2536 1599 2582 organo
1634 2519 1759 2566 Leid.
1787 2530 1920 2577 1753.
1954 2518 2036 2577 4*

403 2609 451 2660 J.
470 2605 641 2651 Alberti
665 2607 953 2652 SCHLOSSER
984 2603 1034 2648 de
1051 2604 1142 2662 sale
1164 2608 1305 2649 urinaer
1330 2601 1518 2648 humanae
1541 2605 1691 2647 nativo
1725 2601 1848 2648 Leid.
1871 2613 2006 2658 1753.
2035 2599 2115 2658 4.*
2146 2599 2337 2658 Optime

276 2672 517 2731 praeparari
540 2667 634 2715 sola
661 2669 972 2720 exhalatione,
1008 2681 1061 2713 ut
1099 2683 1153 2712 ex
1195 2667 1312 2712 libra
1340 2666 1491 2712 decem
1524 2666 1724 2723 scrupuli
1754 2663 2012 2710 nascantur.
2082 2665 2150 2709 Ex
2181 2680 2232 2709 eo
2266 2680 2341 2711 ve-

277 2750 381 2782 rum
411 2732 546 2779 salem
574 2735 800 2780 marinum
829 2731 1059 2783 obtinuit,
1097 2742 1195 2776 turn
1224 2729 1430 2789 spiritum
1454 2729 1790 2775 ammoniacum
1821 2729 1861 2774 &
1890 2725 2020 2772 salem
2039 2727 2257 2783 Vlixivum.

405 2815 623 2862 Reddidit
650 2815 822 2875 adjecto
852 2825 913 2859 tr.
941 2812 992 2859 de
1017 2812 1142 2858 calcis
1169 2816 1278 2857 vivae
1301 2811 1460 2856 afflone
1484 2814 1529 2856 in
1535 2810 1669 2869 salem
1685 2809 1903 2856 volatilem
1928 2807 2163 2853 alcalinum
2193 2816 2331 2867 1760.

406 2896 463 2942 In
490 2896 600 2947 Phil.
628 2895 783 2954 Trans.
808 2912 850 2941 n.
873 2907 948 2953 49.
977 2894 1098 2940 P.11.
1125 2890 1335 2939 describit
1368 2892 1535 2938 animal
1571 2907 1598 2938 a
1629 2890 1806 2953 polypis
1836 2887 2091 2938 diversum>
2127 2890 2339 2939 constans

281 2958 398 3010 vivis
424 2961 560 3008 radiis
580 2962 630 3009 in
654 2961 856 3010 medium
881 2961 1079 3022 calyeem
1106 2957 1502 3006 convenientibus,
2280 3019 2298 3067 l

2178 3023 2228 3077 J.
2248 3023 2283 3068 F
2295 3035 2341 3069 o·
2384 3044 2395 3050 -
