2531 3394
615 116 1830 222 PRAEFATIOz

192 367 278 485 Si
300 431 596 496 praerogativa
624 427 776 489 aliqua
807 425 857 473 in
885 440 1020 488 opere
1048 422 1108 471 est
1121 457 1142 479 ,Δ
1171 422 1295 485 quod
1322 424 1465 486 longo
1496 433 1700 484 tempore
1733 408 1972 475 maturuit,
2012 422 2053 469 &
2080 438 2159 484 per
2182 424 2272 471 aa}

189 548 277 580 nos
311 529 599 578 reconditum
628 526 766 574 latuit
799 507 949 589 quoad
975 521 1211 576 ederetur,
1249 532 1361 569 tunc
1382 519 1566 582 quidem
1586 518 1684 566 haec
1710 517 2002 567 bibliothecae
2023 535 2133 567 meae
2159 508 2283 581 pars-¹

190 629 386 689 reliquas
417 626 513 687 ejus
539 625 688 685 operis
714 634 862 684 partes
887 621 1138 668 antecellet.
1223 619 1344 667 Cum
1372 620 1493 665 enim
1524 635 1647 665 anno
1677 623 1814 677 1769.
1848 620 1889 665 &
1928 629 2065 677 1779.
2097 615 2261 677 scripta

190 725 260 780 fit,
288 723 363 772 sex
384 721 576 783 integris
600 698 912 790 annis-*potuit
933 734 1126 765 manum
1154 717 1470 764 emendantem
1495 717 1704 777 experiri.
1784 716 1842 762 Et
1868 714 2053 776 quidem
2079 725 2274 776 experta,

191 822 278 871 est,
312 821 601 880 multumque
632 818 674 866 ei
707 814 886 865 acceffit
910 832 988 878 per
1011 831 1159 863 novos
1196 812 1373 869 fontes,
1409 815 1489 876 qui
1516 813 1631 861 mihi
1657 814 1779 861 intra
1807 811 1894 861 hos
1937 829 2085 861 annos
2119 812 2263 875 aperti

186 915 393 966 fuerunt.
958 976 959 979 Ἰ

316 1014 430 1061 Νο11
457 1012 559 1060 ideo
589 1015 777 1075 plenum
805 1010 891 1065 est,
932 1021 1013 1058 'aut
1038 1012 1184 1072 pleno
1200 1011 1463 1072 proximum
1492 1027 1621 1072 opus.
1690 1009 1747 1056 In
1775 1009 1887 1057 urbe
1914 1008 2158 1063 mediocri,
2206 1024 2269 1056 ezr·

186 1109 281 1158 fola
296 1109 573 1158 bibliotheca
597 1111 797 1172 privata,
837 1125 934 1156 non
957 1107 1103 1170 potest
1130 1107 1337 1155 inmensa
1365 1107 1638 1169 scriptorum
1659 1108 1910 1155 multitudo
1940 1124 2089 1156 coram
2116 1105 2269 1161 fuiffe,

186 1224 285 1255 non
304 1208 457 1269 potuit
481 1208 535 1255 ab
566 1224 662 1255 uno
688 1206 875 1254 homine
902 1207 1005 1268 legi.
1075 1207 1195 1253 Cum
1220 1222 1396 1268 magnae
1417 1205 1542 1252 urbis
1571 1205 1749 1253 civibus
1772 1203 1864 1267 ipsa
1889 1222 2024 1267 opera
2049 1206 2274 1253 evolvere·

188 1303 346 1359 detur,
382 1303 498 1352 mihi
517 1304 572 1352 ad
598 1306 826 1367 catalogos
850 1301 941 1351 fuit
959 1303 1311 1357 recurrendum,
1348 1302 1516 1364 quibus
1544 1315 1786 1365 paupertas
1811 1319 1911 1351 mea
1933 1302 2265 1352 sublevaretur‚'

186 1400 362 1449 Verum
386 1402 436 1449 in
456 1403 513 1450 iis
541 1404 755 1465 catalogis
777 1403 969 1450 nomina
991 1401 1259 1464 scriptorum
1275 1437 1287 1455 ,
1324 1403 1366 1448 &
1406 1401 1541 1455 anni,
1582 1400 1696 1463 saepe
1730 1418 1890 1463 parum
1923 1414 2130 1450 accurate
2154 1417 2269 1449 con«

185 1497 347 1561 signati
385 1500 575 1548 exstant.
645 1501 701 1547 111
729 1499 801 1548 his
841 1501 1095 1563 catalogis;
1142 1498 1328 1561 potest,
1374 1502 1416 1546 &
1454 1496 1734 1560 potissimum
1761 1501 1812 1547 in
1846 1500 1996 1547 Gallia
2033 1499 2157 1555 fieri,
2209 1512 2273 1548 ut:

188 1596 281 1644 duo
311 1595 548 1658 scriptores
587 1597 788 1659 ejusdem
824 1598 1025 1645 nominis
1052 1598 1271 1660 gentilitii
1294 1594 1671 1651 confundantur,
1711 1614 1860 1658 neque
1899 1598 2022 1645 enim
2061 1614 2111 1645 ea
2149 1614 2261 1660 gens

134 1709 142 1716 ·
185 1694 469 1757 praenomina
500 1694 733 1757 praefigere
759 1693 887 1743 solet.
956 1696 1012 1742 In
1040 1694 1289 1743 Germania
1316 1696 1433 1756 patri
1462 1692 1578 1756 saepe
1606 1696 1648 1742 &
1679 1693 1776 1742 filio
1815 1694 1936 1742 idem
1968 1711 2139 1743 nomen
2168 1695 2230 1742 est
2243 1721 2271 1744 ‹³-

186 1794 228 1859 &
257 1790 455 1840 difficilis
483 1793 611 1840 labor
639 1792 700 1840 est
733 1794 877 1841 vitare
897 1827 909 1847 ,
945 1808 1003 1839 ne
1033 1793 1075 1855 J.
1101 1794 1158 1840 G.
1185 1793 1507 1841 VOLCAMERr·
1528 1793 1669 1854 patris
1701 1795 1744 1840 &
1777 1791 1887 1847 filii,
1936 1809 1994 1840 ne
2015 1794 2273 1855 utriusque*

187 1890 476 1938 SCHROEKH
521 1888 684 1951 scripta
719 1888 1111 1939 commisceantur.
1181 1892 1382 1939 Demum
1421 1909 1477 1938 ex
1507 1890 1580 1939 his
1610 1892 1826 1953 catalogis
1860 1889 1979 1938 nihil
2007 1905 2170 1954 praeter
2202 1891 2269 1939 ti=u

136 1988 141 1994 ’
186 1989 335 2035 tulum
365 1986 603 2042 discimus*

310 2102 596 2152 Facillimum
611 2120 717 2166 ergo
733 2103 818 2152 erit
832 2104 1093 2166 cuicunque
1104 2106 1292 2166 paulum
1313 2103 1385 2152 his
1402 2104 1559 2153 studiis
1576 2104 1822 2160 innutritO,
1844 2103 1955 2153 huic
1977 2122 2078 2154 meo
2103 2106 2270 2157 censui}

185 2199 361 2248 addere.
430 2201 490 2249 Et
520 2218 603 2264 ego
635 2201 922 2256 addidissem,
960 2200 993 2249 fi
1021 2219 1070 2249 ea
1096 2214 1226 2250 aetate
1253 2201 1387 2251 ausus
1413 2201 1589 2251 fuissem
1617 2203 1866 2251 editionem
1889 2205 2038 2266 operis
2058 2202 2270 2254 differre,-

190 2296 339 2344 Addet
370 2314 476 2360 ergo
503 2299 738 2360 posteritas
760 2302 802 2346 Sc
829 2300 1021 2347 nomina
1053 2304 1291 2348 auetorum
1310 2335 1323 2356 ,
1349 2303 1407 2348 .&
1432 2300 1624 2363 scripta,
1663 2303 1705 2349 &
1734 2301 1955 2350 editiones
1974 2337 1988 2357 ,
2026 2303 2159 2351 addet
2184 2321 2265 2351 eX=

186 2406 337 2454 cerpta
369 2397 410 2441 &
436 2396 608 2457 judicia
636 2414 794 2444 eorum
814 2433 826 2452 ,
865 2414 967 2458 quae
993 2396 1107 2445 mihi
1141 2397 1288 2460 legisse
1323 2415 1421 2446 non
1457 2398 1617 2447 datum
1648 2399 1724 2448 est.
1812 2400 2024 2462 Corriget
2059 2401 2256 2461 denique

182 2490 320 2544 vitia,
357 2508 458 2552 quae
481 2492 595 2540 mihi
618 2511 771 2542 rerum
798 2494 1103 2543 humanarum
1134 2495 1340 2544 conditio
1366 2513 1465 2544 non
1494 2495 1718 2559 permisit,
1755 2509 1808 2545 ut
1838 2499 2070 2545 evitarem.
2140 2498 2255 2546 Veri

181 2598 335 2636 tamen
353 2588 604 2637 studiosum
625 2594 669 2639 &
687 2610 872 2654 aequum
891 2595 1121 2648 leelorem,
1153 2605 1207 2642 ut
1231 2592 1399 2656 spero,
1425 2593 1695 2657 adgnoscet,
1728 2596 1808 2655 qui
1828 2611 2108 2657 ‚magnopere
2135 2608 2256 2644 certe

181 2682 431 2741 studuerit,
463 2700 517 2735 ut
547 2705 605 2736 ne
627 2690 727 2750 quis
758 2692 831 2738 vel
856 2708 911 2736 ex
933 2693 1082 2738 colore
1105 2689 1175 2738 sui
1192 2685 1411 2739 sermonis
1436 2691 1690 2746 divinaret,
1728 2694 1807 2753 qui
1835 2691 2073 2754 scriptores
2102 2692 2265 2741 secum·

119 2788 121 2792 ⁴
180 2781 282 2829 lites
315 2783 555 2839 aluiffent3
604 2785 734 2835 facile
764 2789 885 2835 enim
912 2786 1059 2843 sensi,
1098 2789 1284 2851 posteris
1315 2789 1470 2836 deberi
1503 2807 1572 2837 res
1604 2766 1829 2851 depictas,
1874 2792 2027 2851 quales
2060 2789 2166 2838 sunt
2203 2793 2254 2838 111

179 2875 354 2940 scriptis
376 2885 638 2938 auctorum,
674 2886 724 2931 in
759 2883 863 2933 visis
885 2920 897 2940 ,
933 2887 984 2935 in
1009 2887 1243 2940 inventis;
1291 2887 1345 2935 de
1373 2889 1585 2948 aequitate
1616 2903 1705 2948 qua
1733 2885 1905 2936 fuerint
1929 2889 1980 2937 in
2009 2904 2104 2942 me,
2148 2887 2253 2936 reli-

179 2992 295 3038 quos
325 2982 538 3030 mortales
565 2997 662 3030 non
692 2999 863 3032 curare.

2148 3049 2251 3097 Hoc
