2531 3394
270 131 365 181 572
669 115 805 164 LI'B.
847 116 939 163 IX.
1006 106 1428 174 ANATOMES
1475 103 1914 158 PERFEch.
2268 43 2284 61 ι
2337 29 2396 88 m

398 251 474 310 EJ.
515 252 582 295 De
604 247 711 294 liene
745 245 910 294 Strasb.
938 256 1071 304 1774.
1094 241 1173 300 4.*
1208 239 1391 297 Duplex
1416 237 1726 289 involucrum,
1752 239 1876 297 prius
1897 238 1952 285 ab
1976 248 2178 285 omento.
2228 237 2324 286 Fila

269 312 486 363 ecellulosa
522 328 643 359 mera
677 309 757 356 effe
796 307 912 357 vasa.
963 307 1227 369 ⁸Arteriolas
1266 301 1542 361 serpentinas
1577 299 1686 353 effe,
1722 300 1772 345 in
1805 303 2038 361 penicillos
2072 303 2320 350 terminari.

273 379 401 427 Alios
427 378 625 424 ramulos
651 391 778 421 arcus
804 389 906 419 cum
939 371 1138 416 minimis
1162 366 1355 414 arcubus
1378 363 1651 410 inosculatos
1683 362 1827 409 facere
1847 397 1859 417 ‚
1908 381 1962 409 ex
1994 382 2190 422 quorum
2217 382 2324 413 con·

273 443 473 489 vexitate
504 443 622 487 reela
649 437 752 485 vasa
779 448 964 488 exeant,
1016 435 1181 480 iterum
1217 432 1265 476 in
1296 428 1531 489 penicillos
1562 427 1834 474 terminata:
1884 429 1931 473 ,&
1971 429 2082 472 alios
2118 445 2174 474 ex
2199 442 2325 490 parte

274 522 475 554 concava
490 504 694 551 surculos
714 501 858 552 edere,
902 510 995 544 rete
1012 495 1222 542 facientes
1240 508 1344 539 cum
1365 492 1551 537 ramulis
1568 508 1623 536 ex
1645 491 1934 550 longitudine
1957 490 2139 550 majoris
2153 494 2326 540 arteriae

272 571 408 617 natis.
479 566 717 627 Ejusmodi
735 580 880 610 ramos
902 562 1065 607 arteria
1089 561 1254 605 multos
1280 556 1369 602 dat.
1440 555 1511 602 Sic
1538 556 1765 600 minuitur
1793 554 2041 607 diametro,
2076 556 2117 600 ἃ
2143 553 2327 602 demum

275 636 328 682 in
349 634 517 680 multos
543 631 744 677 surculos
772 627 1066 677 terminatur,
1106 623 1270 682 pariter
1303 617 1552 666 efficientes
1577 616 1681 664 suos
1713 618 1959 677 penicillos.
2029 619 2094 664 Ex
2126 634 2220 664 uno
2259 635 2328 665 ra-

274 705 353 744 ‘mo
378 697 610 758 penicillos
632 692 723 739 fere
738 694 839 736 msto
862 690 998 741 oriri,
1036 700 1261 747 quemque
1283 684 1331 729 in
1354 683 1468 729 duos
1491 698 1638 728 ramos
1664 681 1808 728 dividi
1828 700 1839 727 t
1875 680 1959 727 hos
1982 697 2117 741 porro
2140 683 2190 726 in
2212 681 2328 729 duos

261 763 326 808 ,&
354 773 458 807 tres.
525 756 712 806 Minimi
741 753 853 800 rami
874 765 1037 799 trunco
1050 750 1221 797 arteriae
1243 747 1490 809 propiores,
1527 746 1714 791 maximi
1738 746 1794 792 ab
1831 762 1884 791 eo
1899 746 2063 796 remoti
2081 743 2200 792 sunt.
2268 747 2334 793 Ut

278 840 408 872 ⁷venae
433 840 489 869 ex
519 821 692 869 arteriis
724 819 929 864 oriantur
947 850 958 868 ‚
996 830 1190 876 quarum
1220 824 1312 857 rete
1341 811 1603 871 penicillum
1627 809 1772 856 ambit
1797 807 2078 856 arteriosum.
2177 808 2329 856 Venas

277 888 455 935 arteriis
493 880 820 932 numerosiores
859 878 954 926 effe.
1046 879 1145 924 Alia
1172 875 1283 922 retia
1310 872 1477 920 venosa
1505 873 1675 933 majora
1708 875 1857 932 plures
1883 873 2051 918 ambire
2078 873 2328 932 penicillos.

278 953 475 1000 Nullum
489 951 538 996 in
555 948 737 995 cellulas
751 943 1016 1004 sanguinem
1031 938 1219 988 effundi.
1289 939 1412 984 Inter
1426 938 1517 983 duo
1539 938 1778 983 involucra
1799 937 1927 982 lienis
1941 935 2217 996 lymphatica
2233 934 2333 983 vasa

279 1015 388 1068 effe,
418 1031 473 1060 ex
507 1009 802 1059 interioribus
824 1008 954 1054 lienis
973 1017 1090 1051 nata.
1161 1003 1436 1062 Sanguinem
1469 1001 1600 1047 lienis
1629 998 1774 1046 nihilo
1793 999 1872 1045 effe
1896 1000 2168 1052 tenuiorem,
2197 1002 2333 1059 paulo

280 1092 435 1126 tamen
462 1079 614 1124 minus
645 1073 855 1120 floridum
872 1105 883 1124 ‚
914 1086 1051 1130 quam
1072 1084 1199 1114 venae
1226 1081 1345 1112 cavae
1366 1063 1546 1125 sanguis
1571 1062 1637 1110 sit.
1713 1064 1870 1110 videri
1900 1076 2101 1122 tempore
2128 1063 2334 1124 digestio-

279 1144 343 1189 ris
369 1142 600 1189 arteriolas
624 1137 756 1184 lienis
788 1133 1021 1186 contrahi,
1059 1135 1100 1179 &
1128 1130 1394 1191 sanguinem
1430 1128 1619 1175 uberius
1655 1128 1710 1173 ad
1745 1126 1882 1187 hepar
1919 1127 2181 1173 remittere:
2227 1125 2334 1174 faci-

279 1208 369 1254 lem
398 1222 503 1252 vero
528 1201 761 1262 sanguinis
784 1216 839 1245 ex
869 1198 1090 1244 arteriolis
1114 1196 1163 1241 in
1187 1195 1330 1239 multo
1356 1193 1546 1252 majores
1572 1193 1759 1237 venulas
1793 1189 1873 1237 effe
1904 1188 2155 1237 tranfitum.

408 1287 485 1347 EJ.
529 1289 632 1332 Tres
656 1288 809 1330 tunicae
837 1279 1056 1343 vagiuales
1088 1275 1224 1336 Epist.
1250 1275 1305 1320 ad
1333 1290 1403 1319 me
1427 1274 1481 1320 T.
1497 1273 1556 1319 V.
1583 1289 1623 1333 p.
1651 1284 1759 1329 233.

415 1372 558 1417 Vitam
584 1365 707 1411 dedit
741 1364 809 1410 Cl.
837 1363 1144 1407 BALDINGER
1176 1358 1225 1403 in
1253 1352 1478 1417 Biograph.

413 1448 548 1504 Jacob
576 1445 757 1506 Ludwig
778 1446 1023 1490 SCHURER
1054 1455 1156 1486 num
1193 1443 1237 1484 in
1272 1440 1495 1484 curatione
1523 1433 1759 1495 sufficfionu
1789 1434 1907 1480 lentis
1931 1434 2172 1495 crystallinae
2195 1446 2340 1482 extra-

281 1516 363 1563 ffio
391 1512 630 1574 depofitioni
650 1509 709 1567 fit
730 1505 997 1570 prceferenda
1032 1507 1274 1561 Argentor.
1298 1510 1434 1558 1760.
1462 1500 1542 1557 4*
1608 1498 1932 1558 Experimenta
1955 1515 2058 1545 cum
2085 1516 2228 1559 &queo
2257 1499 2341 1546 hu-

280 1595 409 1625 more
444 1576 572 1623 facia.
641 1575 753 1620 Non
781 1571 872 1617 coit
896 1585 997 1615 cum
1024 1568 1180 1613 acido>
1216 1581 1363 1625 neque
1397 1580 1500 1610 curn
1526 1561 1686 1623 spiritu
1711 1562 1911 1608 ardente.

422 1662 558 1718 Georg
581 1652 785 1701 Alhrecht
810 1653 970 1698 Firmo
992 1650 1135 1711 fetum
1159 1647 1356 1707 intestinis
1378 1646 1507 1707 plane
1536 1643 1658 1690 nudd
1687 1648 1807 1689 intra
1837 1643 2043 1690 abdomen
2074 1644 2344 1705 propenden-

286 1724 392 1772 tibus
426 1734 576 1768 natum
613 1716 811 1777 describit
857 1718 1095 1776 Argentor.
1125 1718 1261 1770 1760.
1290 1710 1367 1768 4.*
1452 1710 1674 1755 For-amen
1709 1708 1759 1754 in
1787 1709 2039 1769 peritonaeo
2075 1707 2343 1755 rotundum.

289 1789 430 1836 Multi
458 1783 651 1831 musculi
678 1783 877 1827 deerant.

422 1868 497 1928 EJ.
537 1860 899 1926 Anfangsgriinde
926 1857 1002 1904 der
1028 1854 1351 1914 Geburtshiilfe‚
1383 1857 1448 1900 ein
1462 1850 1663 1911 Lesebuch
1698 1853 1881 1914 Argent.
1906 1864 2040 1911 1772.
2069 1850 2148 1906 8.*
2190 1853 2345 1900 Brevis

289 1944 501 1979 anatome
528 1929 723 1990 partium
760 1924 1039 1986 genitalium.
1139 1917 1393 1966 Mensurae:
1439 1917 1580 1977 pelvis
1610 1915 1848 1966 inferiores
1892 1917 2102 1964 diametri
2136 1918 2345 1977 aequales,

292 1994 529 2056 Nymphas
561 1993 862 2049 urinamunon
885 1992 1051 2048 regere.
1123 1982 1384 2030 Graviditas
1404 2015 1416 2034 ‚
1447 1993 1618 2041 partus.

425 2072 635 2131 Frcmcisci
657 2072 925 2118 V1GAROUS
953 2069 1186 2128 quaestiones
1210 2063 1375 2109 medicae
1401 2061 1623 2109 duodecim
1657 2060 1879 2122 Monspel.
1907 2069 2037 2121 1760.
2063 2058 2145 2120 4*
2180 2062 2350 2108 Anato-

295 2155 402 2187 men
429 2137 484 2184 ad
508 2136 728 2183 theoriam
755 2150 892 2194 quam
922 2133 978 2177 ad
1010 2130 1168 2190 praxin
1198 2129 1429 2174 utiliorem
1461 2125 1555 2171 effe.
1643 2126 1732 2172 Cui
1762 2124 2107 2173 adsentiendum
2145 2125 2198 2172 de
2227 2127 2351 2187 glan-
2421 2125 2426 2129 ’

292 2205 505 2251 dularum
534 2198 725 2250 fabrica,
759 2200 1020 2244 Rurscmo
1046 2210 1103 2239 an
1130 2195 1466 2244 MALPIGHIO,
1498 2189 1690 2236 dubitat.

430 2281 606 2331 Gabriel
628 2281 834 2325 mmou
866 2278 917 2324 de
938 2280 1210 2338 generatione
1244 2271 1467 2331 Monspel.
1499 2277 1632 2328 1760.

427 2360 627 2424 Stephani
657 2359 868 2416 Franczsci
892 2360 1146 2407 CRASSOUS
1188 2357 1417 2416 quaestiones
1453 2352 1671 2399 duodecim
1719 2350 1944 2414 Monspel.
1971 2358 2106 2411 1760.
2128 2350 2210 2411 4*
2256 2351 2355 2400 Me-

293 2425 556 2478 chanismus
594 2422 902 2483 respirationis
934 2419 1165 2467 difficilior
1200 2419 1286 2471 est,
1342 2434 1479 2477 quam
1525 2416 1856 2476 deglutitionis.
1934 2418 2063 2464 Num
2099 2416 2353 2464 convulfivi
2387 2416 2400 2421 ‘

296 2505 451 2541 motu-s
482 2506 536 2536 ex
559 2485 836 2548 sympathia,
867 2501 979 2530 num
1007 2501 1061 2530 ex
1086 2484 1286 2529 animato
1315 2481 1554 2542 principio.

427 2569 625 2633 Stephan.
653 2569 711 2614 D.
735 2568 997 2612 HUAULME
1024 2567 1065 2610 &
1097 2564 1291 2610 auctoris
1328 2563 1470 2622 Cofhzae
1494 2563 1716 2622 Augustini
1737 2563 1998 2610 LEZURIER
2032 2568 2136 2610 Non
2154 2575 2250 2617 ergo
2268 2576 2354 2607 mo-
2412 2598 2426 2604 i

296 2651 359 2687 tus
378 2637 523 2685 vitalis
544 2652 570 2680 a
594 2632 735 2680 nervis
761 2629 946 2677 cerebelli
980 2626 1113 2673 Paris.
1137 2634 1269 2684 1760.
1290 2629 1368 2683 43*
1423 2627 1603 2673 PET1T1
1640 2624 1915 2686 hypothesis.
1985 2628 2109 2673 Inter
2131 2615 2351 2684 inspiran-

298 2703 436 2754 dum,
473 2696 808 2759 quamprimum
838 2700 912 2739 aer
937 2692 1098 2750 aliquis
1131 2691 1180 2736 in
1206 2693 1466 2749 pulmonem
1493 2690 1647 2743 venit,
1683 2706 1875 2736 nervum
1902 2689 2185 2751 phreuicum,
2221 2689 2275 2734 ab
2302 2704 2352 2734 ea

300 2762 522 2828 preffione
552 2761 780 2808 irritatum
797 2792 810 2810 ‚
842 2755 1130 2816 diaphragma
1161 2754 1210 2798 in
1235 2766 1411 2799 motum
1436 2755 1566 2799 ciere.

236 2906 239 2907 ⁷
433 2844 657 2905 Augustini
685 2841 843 2888 Roux*
869 2841 911 2884 &
942 2837 1197 2884 MAUDUIT
1222 2833 1273 2879 de
1299 2835 1342 2880 la
1364 2836 1618 2882 VARENNE
1654 2838 1699 2881 E.
1739 2851 1791 2879 ex
1826 2836 1949 2879 unico
1971 2834 2188 2893 systemate
2217 2833 2354 2896 legum

299 2906 455 2956 deduci
482 2923 563 2954 non
585 2902 754 2967 poffunt
779 2907 914 2951 omnia
933 2898 1200 2965 phaenomena
1223 2903 1443 2946 aeconomia
1473 2899 1665 2949 animalck
1694 2895 1826 2945 Paris.
1848 2904 1985 2956 1q60.
2008 2895 2089 2956 4.*

2219 2998 2356 3047 Imm
