2531 3394
704 118 740 169 ς.
779 122 866 173 393
905 116 1121 172 -ροοῑ
1177 82 1458 164 paraus
1513 115 1757 165 sarz-Ac,
2175 133 2265 180 159

211 243 291 306 gui
320 243 539 289 momenti
557 240 637 289 esse
664 243 722 290 ob
755 245 1047 305 exiguitatem
1074 241 1362 289 vasculorum
1387 240 1687 287 minimorum
1721 246 1762 289 &
1791 246 2012 294 lentorem
2032 247 2263 310 sanguinis

212 306 536 354 transfluentis.
608 309 882 369 Sanguinem
912 324 936 352 a
965 307 1152 353 vulnere
1177 306 1219 350 &
1245 319 1372 349 venae
1412 302 1609 350 sedtione
1640 321 1736 351 non
1764 311 2010 356 accelerari.
2078 314 2264 374 Experi-

211 371 377 417 mentis
404 369 534 417 stifft»
564 371 610 416 in
648 374 767 418 tubis
800 369 979 418 ramosis
1006 368 1201 428 apertis,
1249 366 1367 412 nihil
1400 365 1484 412 nifi
1513 369 1718 428 proxime
1752 371 1807 415 ad
1838 375 2004 420 vulnus
2036 390 2264 424 mutatum

210 432 350 480 fuisse.
423 435 535 480 Dari
560 434 857 482 revulfionem
884 433 1033 478 'veram
1054 429 1288 492 sanguinis
1304 431 1572 477 arteriarum
1595 433 1642 477 in
1662 445 1875 480 truncum
1896 448 2031 483 aortae
2053 441 2263 488 revocati.

304 534 307 537 ¹
338 517 461 563 Idem
484 518 683 571 Julianus
698 518 998 566 MoRlssoN,
1034 512 1244 574 Medicus
1271 513 1321 558 in
1345 511 1722 567 Pic'tavienfibus‚
1759 520 1804 561 in
1832 520 1988 564 Diario
2016 521 2266 567 Trivultino

216 592 353 641 1732.
388 586 457 627 M.
475 582 620 643 April.
644 578 832 628 insultat
844 578 964 624 vieto
980 577 1021 623 ἃ
1037 574 1381 626 filentiSYLVAE.
1433 577 1491 623 Et
1505 576 1584 623 iste
1611 577 1792 625 libellus
1810 581 2012 629 SENACO
2035 583 2266 630 tribuitur.

343 663 514 723 EJUSD.
557 664 710 709 Traite
733 659 785 705 de
810 660 855 705 la
868 659 1083 719 siruelure
1106 658 1165 704 du
1193 676 1328 713 coeur,
1365 659 1416 706 de
1429 660 1507 719 fim
1539 661 1678 708 delion
1709 659 1768 717 (ἐξ
1793 661 1844 706 de
1860 661 1928 720 ses
1950 664 2156 709 maladies
2190 665 2264 710 Pa.

212 726 274 774 ris
305 739 440 785 1749.
461 738 506 784 4.
543 721 734 772 2.Vol.*
771 723 960 784 Anglice
988 722 1123 768 etiam
1151 721 1264 768 vers.
1331 722 1512 784 Insigne
1538 741 1678 785 opus,
1710 726 1840 785 cujus
1862 726 2015 773 laudes
2042 744 2094 773 eo
2112 727 2271 773 luben-

217 791 310 836 tius
335 791 537 841 celebm,
574 787 698 847 quod
724 785 877 847 paffim
905 787 953 831 in
982 802 1033 832 eo
1061 802 1131 831 me
1165 798 1368 847 carptum
1404 789 1562 846 legam.
1629 789 1792 849 Neque
1823 789 1943 836 enim
1975 788 2071 837 haec
2103 792 2158 837 ad
2193 807 2271 852 po-

214 852 353 899 steros
377 850 640 898 descendere
667 851 830 910 cupi0‚
870 862 926 896 ut
954 850 1174 896 vindicias
1200 851 1254 896 de
1280 849 1543 898 adversariis
1570 849 1767 905 sumam,
1802 853 1904 899 ideo
1927 855 2061 901 velim
2097 872 2149 901 eo
2175 871 2270 914 per-

215 917 394 968 venire,
430 927 483 961 ut
518 913 682 975 posteri
713 913 960 967 aestiment,
997 930 1108 960 num
1142 931 1274 974 aequo
1303 913 1469 961 fuerim
1496 915 1548 962 in
1582 932 1740 963 omnes
1763 918 1932 964 animo.
2012 919 2271 975 ¹Plurimum

215 980 380 1026 laboris
412 977 575 1024 inhoc
603 994 737 1038 opere
762 977 915 1038 posuit
935 980 1004 1023 vir
1030 979 1128 1025 ILL.
1196 979 1426 1024 Humores
1456 978 1684 1026 humanos
1708 978 1919 1029 chemicis
1949 983 2271 1043 experimentis

214 1043 482 1102 exploravit,
507 1042 653 1088 cordis
666 1055 909 1088 anatomen
923 1041 976 1087 de
991 1042 1169 1102 integro
1184 1044 1370 1089 molitus
1385 1042 1468 1089 est:
1505 1044 1817 1092 mediastinum
1832 1047 1978 1105 primo
1999 1047 2128 1101 dixit,
2143 1047 2268 1093 dein-

217 1107 272 1152 de
305 1107 631 1166 pericardfflm,
680 1107 810 1166 cujus
844 1106 955 1151 duas
988 1103 1095 1150 facit
1130 1106 1350 1159 laminas,
1390 1109 1432 1153 ἃ
1465 1106 1679 1154 vesiculas
1719 1109 1760 1154 ei
1795 1110 1986 1164 tribuit,
2027 1127 2268 1170 porosque.

216 1170 517 1216 Pericardium
546 1169 678 1215 corde
702 1171 848 1215 multo
880 1168 961 1214 effe
986 1169 1192 1228 amplius.
1261 1170 1441 1216 Deinde
1478 1170 1612 1218 fibras
1645 1173 1821 1226 cordis,
1868 1190 1980 1234 quas
2011 1173 2271 1235 persecutus

217 1232 302 1286 est,
332 1234 519 1280 &novis
533 1233 742 1279 iconibus
755 1230 994 1293 expreffit:
1032 1231 1091 1279 fic
1116 1235 1335 1288 valvulas,
1375 1236 1416 1281 &
1433 1233 1535 1280 vasa
1555 1236 1702 1282 cordis
1723 1237 1916 1296 propria.
1987 1240 2161 1285 MERYI
2189 1237 2271 1298 hy-

217 1295 424 1358 pothesin
450 1295 692 1350 refutavit,
727 1313 830 1342 cum
861 1298 1044 1343 valvula
1074 1298 1320 1357 operiendo
1354 1297 1567 1345 foramini
1605 1300 1726 1346 ovali
1755 1299 1960 1348 sufficiat.
2044 1304 2115 1348 De
2146 1303 2272 1364 glan-

216 1359 373 1407 dulosa
397 1358 617 1407 viscerum
641 1358 821 1407 fabrica.
891 1361 1055 1407 Cordis
1084 1362 1421 1422 longitudinem
1448 1364 1499 1409 in
1521 1361 1681 1422 systole
1716 1364 1891 1418 minui,
1937 1368 2080 1420 redte,
2122 1382 2270 1426 neque

217 1425 398 1471 tertiam
439 1438 612 1484 partem
647 1422 727 1470 effe
759 1421 1014 1470 mensuram
1047 1424 1388 1473 decurtationis.
1472 1428 1749 1487 Sanguinem
1782 1429 1971 1476 rubrum
2000 1430 2056 1476 ad
2089 1430 2272 1477 irritan-

215 1487 325 1534 dum
342 1504 418 1533 cor
432 1488 653 1548 aptiorem
663 1486 759 1534 effe.
828 1489 898 1533 De
912 1500 1040 1534 motu
1054 1489 1202 1535 cordis
1213 1490 1260 1535 in
1277 1491 1500 1536 moriente
1516 1492 1722 1545 animale,
1746 1491 1874 1538 bene.
1944 1494 2036 1540 Cor
2047 1496 2103 1540 ad
2115 1497 2270 1555 peetus

211 1552 450 1611 adpellere.
508 1550 688 1598 Pulsum
707 1552 803 1612 ers
818 1549 917 1598 fieri
943 1552 998 1597 ab
1021 1554 1196 1599 arteriis
1221 1552 1327 1599 sein
1339 1555 1660 1601 redtitudinem
1683 1555 2025 1604 restituentibus
2054 1561 2094 1604 &
2122 1559 2176 1604 ab
2195 1574 2272 1604 au-

216 1616 358 1661 ricula
391 1613 575 1661 finistra.
643 1617 795 1676 Negat
821 1613 1086 1676 sanguinem
1111 1619 1161 1662 in
1189 1618 1336 1664 cordis
1361 1619 1576 1664 cavitates
1608 1618 1826 1666 exhalare.
1898 1620 2088 1668 Causam
2115 1635 2269 1669 motus

218 1679 365 1727 cordis
389 1680 438 1725 in
453 1678 668 1725 fibrarum
689 1680 943 1726 irritatione
967 1682 1112 1740 ponit.
1180 1682 1376 1728 Arterias
1391 1681 1646 1743 asanguine
1661 1684 1854 1731 irritatas
1878 1688 2075 1733 multum
2098 1687 2152 1733 ad
2171 1685 2270 1732 san-

218 1743 370 1804 guinis
393 1756 571 1789 motum
595 1741 814 1790 conferre.
881 1745 1161 1790 Arteriarum
1185 1757 1410 1800 anatome,
1440 1745 1582 1800 fibrae,
1606 1745 1839 1794 mensurae.
1908 1751 1978 1795 De
2005 1748 2136 1810 pulsu
2157 1751 2272 1797 mul-

219 1818 267 1852 ta
291 1822 424 1853 nova.
494 1808 564 1853 De
585 1805 889 1866 respiratione.
958 1806 1075 1854 Vasa
1103 1807 1270 1855 venosa
1303 1811 1536 1869 pulmonis
1565 1827 1660 1857 non
1697 1811 1777 1857 effe
1808 1813 2030 1860 arteriosis
2060 1816 2267 1861 minora:

220 1871 497 1930 Sanguinem
522 1882 657 1931 negat
674 1869 954 1931 refrigerari,
990 1885 1068 1918 aut
1082 1880 1227 1918 aerem
1250 1874 1371 1919 inter
1400 1877 1638 1934 pulmones
1665 1874 1745 1921 effe
1771 1878 1811 1922 &
1838 1879 2053 1936 pleuram.
2137 1881 2272 1938 Lym-

219 1932 356 1994 pham
395 1933 541 1980 cordis
576 1934 973 1987 inflammabilem,
1012 1936 1243 1982 materiem
1265 1937 1422 1983 crustae
1453 1939 1731 1998 pleuriticae‚
1770 1942 1812 1985 ὃς
1841 1938 2016 1988 sudoris
2049 1941 2271 1989 viscerum

219 1997 604 2044 inflammatorum
632 1997 922 2051 acescentem,
955 1998 1194 2060 distinguit
1223 2017 1248 2046 a
1280 2018 1440 2055 muco,
1479 2018 1503 2048 a
1525 2001 1647 2056 sero,
1697 2005 1818 2063 quod
1849 2005 2167 2052 inflammabile
2199 2004 2270 2053 fit.

219 2061 446 2108 Globulos
473 2060 703 2122 sanguinis
727 2063 916 2109 lentium
940 2061 1103 2109 habere
1129 2063 1352 2124 figuram:
1397 2066 1447 2111 in
1468 2067 1522 2112 iis
1543 2065 1656 2113 faeta
1681 2068 2000 2127 experimenta.
2068 2071 2179 2117 Non
2199 2087 2272 2117 co-

221 2125 268 2188 gi
287 2122 364 2171 sex
384 2126 582 2172 minores
605 2126 815 2187 globulos
846 2127 894 2172 in
915 2143 1062 2172 unum
1091 2129 1321 2187 majorem.
1388 2131 1500 2175 Non
1523 2130 1620 2176 dari
1641 2129 1852 2177 vasorum
1877 2133 2056 2179 minora
2081 2151 2268 2196 genera,

222 2205 368 2248 neque
394 2205 590 2235 errorem
619 2190 721 2236 loci.
793 2190 862 2235 Ab
888 2191 1062 2237 arteriis
1089 2190 1244 2238 baseos
1281 2193 1422 2239 cranii
1444 2192 1526 2239 effe
1548 2192 1848 2253 pulsationem
1868 2198 2051 2243 cerebri.
2120 2199 2272 2245 Cellu-

224 2253 286 2298 las
310 2255 427 2298 uteri
449 2269 583 2299 venas
610 2253 704 2299 else.
773 2254 1069 2301 Ventriculos
1091 2256 1262 2301 cerebri
1291 2273 1387 2302 non
1412 2258 1760 2304 communicare.
1830 2260 2040 2308 Calculos
2073 2278 2155 2321 pro
2181 2279 2273 2308 me-

222 2315 376 2364 tienda
404 2317 551 2362 cordis
585 2317 786 2377 potentia
821 2316 988 2377 pofitos
1018 2319 1188 2379 rejicit,
1237 2321 1279 2365 &
1310 2320 1359 2365 in
1391 2319 1655 2367 universum
1683 2321 1919 2381 scriptores
1952 2324 2149 2379 refutat,
2192 2329 2272 2387 qui

223 2392 329 2424 ante
355 2384 459 2424 eum
485 2379 538 2424 de
567 2381 699 2427 corde
723 2393 928 2441 egerunt.
998 2383 1064 2429 Ea
1086 2383 1241 2429 omnia
1268 2385 1443 2430 mollire
1462 2384 1785 2439 destinaverat,
1822 2384 1853 2432 fi
1885 2386 1974 2436 fata
1992 2406 2158 2436 novam
2179 2393 2268 2436 edi-

221 2442 393 2488 tionem
419 2458 573 2488 curare
603 2444 645 2490 ei
664 2443 969 2504 permififfent.

344 2523 399 2569 In
422 2523 450 2569 l.
474 2523 525 2569 de
538 2525 758 2570 recondita
760 2524 950 2584 febrium
965 2530 1338 2575 intermittentium
1348 2541 1510 2577 nutura
1535 2532 1710 2585 Genev.
1732 2545 1812 2590 175
1819 2547 1866 2588 9.
1887 2531 1965 2587 80*
1980 2537 2019 2581 ἃ
2040 2541 2169 2592 1769.
2188 2532 2268 2588 8)(ν

225 2584 410 2639 excusa,
438 2587 561 2632 varia
581 2586 671 2633 huc
695 2587 894 2646 faciunt,
932 2591 986 2635 de
1022 2589 1150 2636 causa
1180 2594 1363 2646 caloris,
1405 2594 1458 2639 de
1487 2594 1698 2655 pulsuum
1728 2613 1932 2643 numero.
2002 2599 2179 2645 Gradus
2205 2615 2274 2646 ca-

225 2651 332 2698 loris
355 2650 546 2700 humani
571 2649 836 2698 adscendere
861 2653 914 2697 ad
945 2665 1016 2710 39.
1044 2652 1182 2714 usque
1207 2656 1406 2704 REAUM.
1434 2656 1466 2704 s.
1497 2671 1598 2715 113.
1623 2660 1745 2721 grad.
1775 2662 2038 2707 FAHRENH.

746 2776 793 2835 ς.
830 2780 923 2828 DC
938 2781 1026 2828 CC
1040 2781 1090 2827 C.
1186 2781 1402 2836 ,Iohannes
1433 2786 1622 2832 TABOR.
1692 2787 1800 2832 Alii.

355 2889 472 2949 EJUS
502 2893 837 2936 Exercitationes
862 2891 1026 2938 mediae
1058 2890 1150 2947 Εςῗε.
1194 2893 1383 2939 London
1407 2906 1539 2952 1724.
1571 2898 1647 2948 8.*
1711 2896 2201 2956 Jatromathematicus‚
2230 2906 2269 2950 Sc

229 2960 380 2998 tamen
392 2958 730 3007 STAHMANus,
755 2972 778 3002 a
795 2957 979 3005 STAHLJ
992 2970 1021 3003 0
1039 2956 1236 3003 animam
1249 2973 1410 3018 corpus
1426 2956 1556 3004 suum
1581 2957 1871 3007 fabricantem
1889 2963 1928 3009 Sc
1943 2966 2267 3025 gubernantem

2228 3033 2270 3076 &
