2531 3394
589 124 644 184 §.³
677 132 798 187 1178
834 152 895 161 -
935 133 1070 184 ugo.
1142 126 1378 177 VARII.
1449 127 1503 176 C.
1536 129 1585 178 F.
1622 131 1899 193 WOLF„
2164 151 2256 199 559

200 241 304 278 nem
319 225 654 286 contemplatus
683 225 759 272 est.
827 226 1054 287 Vaginam
1075 225 1198 281 dicit,
1225 243 1361 288 quam
1384 226 1440 274 ab
1467 227 1620 274 amnio
1644 228 1894 290 distinguit,
1927 232 2103 283 foveam
2131 237 2179 284 in
2199 255 2250 286 ea

195 291 467 343 cardiacam,
505 305 560 334 ex
588 306 677 350 qua
701 292 898 350 primum
926 302 1138 351 patente,
1175 291 1326 350 postea
1341 288 1501 345 clausa,
1534 293 1818 341 ventriculus
1841 294 1922 341 fit:
1966 300 2155 347 limbum
2193 318 2249 350 ex

195 370 288 414 quo
312 354 479 413 paritor
511 356 764 400 convoluto
796 357 837 401 ἃ
870 356 1082 415 conpleto
1113 354 1326 400 intestina
1363 353 1497 401 nasci*
1509 367 1665 416 putat:
1714 356 1816 406 vasa
1852 357 2009 421 figurae
2035 365 2245 421 venosae,

193 417 356 465 nidum
384 415 416 464 s.
442 417 713 477 pellucidam
742 435 929 471 aream,
949 418 1064 471 alia,
1100 433 1201 477 quae
1225 424 1430 465 accurate
1459 418 1651 467 rimatus
1675 421 1751 468 est.

318 500 392 561 EJ.
425 501 564 546 Hunc
578 498 724 560 ipsum
736 499 932 547 laborem
946 499 995 545 in
1011 503 1074 546 N.
1095 499 1754 550 Comm.Acad.Petr.T.-X111.
1774 503 1987 559 absolvit.
2033 508 2249 560 Defendit

192 579 353 623 porro,
387 565 546 624 utique
574 563 738 625 absque
763 565 1028 610 velamentis
1053 580 1130 610 cor
1154 564 1298 626 teneri
1330 565 1591 626 embryonis
1621 566 1730 620 effe5
1769 570 1930 631 utique
1967 574 2208 621 ventriculi
2232 610 2245 630 ‚

194 629 236 674 &
268 627 495 681 intestini,
533 627 779 688 primordia
809 628 987 687 planam
1013 626 1094 674 effe
1118 628 1459 682 membranam5
1504 632 1665 691 utique
1695 645 1842 692 partes
1872 633 1970 695 post
2005 648 2153 694 partes
2180 656 2253 699 ge-

194 692 358 738 nerari.
430 693 656 739 Caeterum
683 692 732 736 in
763 691 921 745 corde,
964 694 1006 739 ὃς
1043 693 1188 739 canali
1220 693 1497 748 orbiculari,
1543 696 1585 742 &
1625 698 1882 745 ventriculo
1914 698 2077 746 dextro
2111 699 2251 750 serius

193 754 461 817 conspicuo,
497 771 678 802 mecum
704 752 858 802 sentit.

321 838 376 884 In
388 837 517 885 XIV.
532 838 682 884 Tomo
695 841 816 884 Nov.
837 842 1063 886 Commeat.
1083 842 1253 900 Petrop.
1272 836 1484 886 describit
1499 857 1638 888 ovum
1661 844 1852 904 gemello
1877 843 1975 892 fetu
1995 849 2255 908 praegnans.

192 901 352 948 Vitelli
384 901 580 947 distincti
606 915 792 948 manent
812 936 825 955 ,
862 903 1093 949 albumina
1121 903 1378 949 confluunt.
1448 905 1568 952 Pulli
1588 906 1708 961 du0,
1743 906 1945 956 vesiculae
1970 911 2252 962 umbilicales

191 965 334 1019 binae,
370 966 472 1011 duae
497 964 654 1026 figurae
680 964 885 1020 venosae,
921 968 1106 1013 alterius
1131 978 1281 1013 tamen
1310 968 1389 1014 ovi
1412 970 1585 1016 arteriae
1610 969 1861 1032 superiores
1893 990 2138 1035 perparvae.

322 1047 378 1096 In
400 1047 455 1093 T.
471 1047 579 1094 XV.
611 1045 804 1094 musculi
829 1046 1002 1094 brachii
1030 1048 1204 1094 leonis:
1238 1051 1396 1094 onmia
1423 1050 1478 1095 ad
1506 1051 1648 1098 robur
1674 1055 1943 1116 augendum·
1972 1069 2249 1119 praeparata,

189 1111 240 1158 in
265 1109 452 1157 homine
479 1111 533 1157 ad
561 1124 736 1158 motum
759 1112 950 1158 liberum
978 1113 1019 1157 &
1042 1112 1320 1171 expeditum.
1385 1114 1552 1161 Parvos
1577 1115 1890 1166 musculorum
1916 1137 2081 1169 nervos
2103 1121 2183 1169 effe
2202 1139 2254 1170 111

190 1176 323 1222 leone
344 1192 355 1220 ς
392 1188 444 1222 ut
456 1176 645 1221 omnino
659 1177 725 1222 vis
741 1176 908 1221 motrix
926 1173 1084 1235 inipso
1098 1173 1319 1230 muscum,
1342 1193 1437 1223 non
1463 1179 1512 1224 in
1530 1181 1698 1236 nervis,
1726 1181 2006 1232 habitaretur
2025 1186 2250 1237 videatur.

317 1258 375 1304 In
395 1258 450 1304 T.
467 1257 599 1304 XVI.
637 1258 730 1304 Cor
754 1257 899 1303 leonis
933 1257 1178 1318 exiguum,
1216 1255 1276 1304 fic
1301 1260 1490 1306 arteriae.

324 1338 380 1385 In
404 1339 460 1385 T.
478 1339 656 1385 XVIII.
708 1339 858 1385 Vituli
880 1338 1082 1399 bicipitis
1108 1353 1335 1388 anatome.
1402 1341 1539 1388 Ordo
1567 1355 1715 1391 certus
1742 1345 1791 1391 in
1819 1349 2041 1396 naturalis
2070 1348 2259 1399 fabricae

192 1403 447 1449 mutatione
470 1405 520 1448 in
547 1401 857 1450 monstrosam.
939 1403 1074 1450 Fetus
1101 1403 1303 1464 duplices
1332 1422 1428 1452 non
1454 1404 1556 1455 fieri
1589 1425 1648 1455 ex
1682 1412 1926 1460 co-alitione
1959 1414 2157 1462 duorum
2191 1414 2255 1464 fc-

196 1477 354 1521 tuum‚
393 1469 472 1527 qui
503 1467 629 1528 prius
657 1466 856 1514 distincti.
882 1464 1070 1514 fuerint.

783 1562 827 1620 §-
861 1566 915 1612 M
929 1565 966 1612 C
981 1566 1017 1613 L
1028 1566 1074 1613 X
1087 1566 1135 1613 X
1148 1567 1211 1615 X.
1315 1567 1651 1631 Disputationes.

324 1663 551 1725 Tubingae
572 1660 791 1722 anonymi
816 1678 964 1724 progr.
995 1663 1046 1709 de
1071 1676 1269 1712 anatome
1285 1665 1506 1725 subtiliori
1541 1680 1679 1727 1759.
1703 1668 1787 1729 4.*

320 1745 458 1799 Jacob
479 1747 683 1792 SAMUEL
708 1744 758 1791 de
782 1749 998 1792 raucitate
1031 1744 1158 1793 Praes.
1183 1747 1225 1810 J.
1251 1748 1308 1794 G.
1325 1748 1610 1798 ROEDERER
1649 1752 1859 1814 Gotting.
1882 1767 2019 1815 1-759.
2048 1755 2132 1817 4*
2163 1760 2255 1806 De..

196 1807 352 1857 scribit
376 1825 542 1870 organa
567 1809 707 1856 vocis·

330 1890 513 1938 Nicolaes
536 1891 761 1938 SCHEELE
792 1889 845 1936 de
877 1888 1026 1952 hepate
1057 1890 1116 1948 ἓξ
1136 1892 1373 1952 secretione
1396 1894 1487 1942 bilis
1517 1897 1727 1959 Gotting.
1752 1911 1885 1958 1759.
1913 1902 1991 1959 4*
2042 1903 2256 1964 Aliquam

198 1966 367 2015 partem
392 1953 512 2014 chyli
540 1956 588 2001 in
623 1953 761 2014 hepar
798 1956 965 2002 venire.
1038 1956 1133 2003 Effe
1172 1960 1435 2020 glandulam
1477 1964 1873 2022 con-glomeratam.
1945 1967 2170 2027 Injectum
2204 1970 2256 2018 in

197 2034 360 2065 venam
391 2030 623 2079 portarum
654 2020 877 2079 liquorem
902 2020 952 2065 in
973 2036 1128 2067 cavam
1156 2022 1342 2069 transire
1369 2041 1550 2078 venam,
1579 2028 1622 2072 ἃ
1646 2027 1696 2072 in
1716 2027 1818 2074 vasa
1841 2029 2131 2089 lymphatica,
2159 2049 2256 2080 non

198 2082 248 2129 in
272 2083 432 2129 duc‘tus
459 2083 656 2129 hilarios.
725 2085 865 2129 Bilem
890 2084 940 2129 in
965 2082 1126 2145 hepate
1142 2089 1396 2148 praeparari,
1433 2088 1700 2137 amarescere
1723 2093 1765 2138 &
1786 2091 1952 2154 spifl'ari
1971 2095 2021 2141 in
2045 2095 2253 2145 vesicula.

326 2168 378 2211 A.
402 2182 446 2210 v.
466 2161 651 2212 ROYE'N
684 2164 735 2211 de
757 2167 941 2227 corporis
963 2172 1179 2229 animique
1203 2169 1490 2217 modermnine
1523 2172 1645 2219 Leid.
1668 2186 1802 2231 1759.
1824 2173 1905 2234 4*

329 2244 427 2301 Joh.
455 2247 687 2294 EGELlNG
718 2247 769 2293 de
796 2248 903 2294 laste
936 2248 1128 2297 Utrecht
1148 2263 1281 2309 1759.
1306 2251 1389 2309 4*
1429 2254 1512 2300 Per
1538 2256 1859 2315 experimenta.
1929 2258 2148 2307 Rubescit
2167 2262 2257 2308 uti-

202 2326 290 2370 que
313 2312 489 2356 coctum
513 2327 615 2356 cum
645 2309 811 2358 salibus
834 2313 998 2360 lixivis.
1069 2316 1289 2375 Spiritum
1320 2317 1396 2364 dat
1429 2318 1607 2365 acidum
1637 2317 1727 2366 fere
1754 2333 1806 2367 ut
1828 2323 2111 2382 Guayacum.
2181 2327 2255 2372 Se-

200 2389 303 2419 rum
326 2372 416 2419 fere
439 2372 595 2421 limilia
614 2375 706 2420 dat.
774 2377 844 2422 De
867 2375 1073 2424 saccharo
1096 2380 1244 2433 lactis,
1278 2382 1409 2441 cujus
1434 2398 1537 2428 acor
1566 2385 1803 2443 peculiaris
1836 2384 1889 2433 fit
1915 2389 1956 2434 &
1979 2404 2143 2448 parum
2169 2406 2252 2436 no-

203 2449 262 2483 tae
275 2437 457 2484 indolis.
527 2439 585 2484 Et
614 2442 787 2485 recocta
818 2442 859 2486 ἃ
889 2439 1039 2487 caseus
1060 2443 1211 2489 acidos
1235 2443 1346 2491 dant
1370 2446 1585 2506 liquores.

337 2523 475 2580 Georg
501 2517 710 2578 Christian
738 2522 970 2568 REICHEL
997 2521 1048 2568 de
1071 2521 1319 2585 epiphyfium
1350 2526 1402 2572 ab
1428 2527 1571 2585 ffztm
1595 2528 1788 2593 diaphyfi
1815 2531 2056 2578 slidufftione
2099 2532 2256 2594 Lipsiae

206 2595 339 2642 1759.
361 2581 443 2642 4*
497 2582 745 2642 Epiphysm
770 2601 872 2630 cum
889 2601 1077 2646 corpore
1101 2590 1393 2650 conjunctam
1410 2590 1644 2649 describit,
1679 2599 1719 2643 &
1743 2595 1993 2642 morbosam
2017 2595 2257 2657 separatio-

198 2663 306 2698 ‚nem
323 2681 336 2701 ‚
371 2649 493 2693 bona
521 2645 840 2706 disputatione.

331 2729 407 2789 EJ.
448 2733 515 2775 De
543 2728 686 2786 ossium
714 2740 814 2775 ortu
839 2733 1193 2793 atquestrufftura
1227 2742 1361 2794 1760.
1393 2740 1468 2796 4*
1534 2740 1621 2786 Pro
1642 2740 1774 2787 succo
1793 2740 1938 2793 offe03
1976 2758 2056 2801 pro
2075 2745 2256 2791 arteria-

203 2808 305 2841 rum
334 2793 384 2837 in.
412 2791 660 2839 formandis
690 2791 858 2840 offibus
889 2798 1104 2853 potentia.
1176 2801 1232 2846 Et
1254 2799 1371 2848 serra
1404 2805 1443 2849 &
1466 2804 1604 2851 acidis
1636 2806 1889 2864 liquoribus
1911 2804 2128 2854 fabricam
2152 2807 2256 2856 ossis

205 2853 461 2915 indagavit,
500 2858 676 2903 canales
695 2858 814 2904 inter
830 2858 1016 2906 laminas
1040 2859 1200 2908 offium
1222 2866 1427 2920 invenit,
1465 2884 1543 2928 per
1566 2885 1680 2928 quos
1701 2870 1896 2929 gelatina
1912 2872 2104 2918 nutritia
2117 2885 2254 2920 meat.

320 2935 410 3006 ‘EJ.
450 2942 517 2983 De
541 2936 750 3000 sanguine
775 2941 935 3000 ejusque
956 2953 1071 2988 motu
1094 2961 1143 2989 ex
1178 2952 1383 2994 erimenta
1429 2947 1542 3008 Lips.
1568 2955 1700 3007 1767.
1731 2953 1808 3007 4.*
1848 2968 1951 2997 cum
1983 2954 2137 3001 tabula
2171 2956 2256 3000 ele-

207 3008 350 3060 ganti.
415 3000 767 3064 Microscopium
797 3004 1008 3052 adhibuit
1043 3006 1097 3053 ad
1160 3013 1371 3072 anguinis
1410 3025 1589 3059 motum
1625 3013 1675 3059 in
1702 3016 1972 3064 animalibus
2001 3018 2256 3065 minoribus

2163 3080 2257 3143 spe-
