2531 3394
278 165 340 219 36
651 161 827 215 2113.
881 135 1038 223 um.
1105 136 1931 206 ANAT'OME'DOGTIORJ

279 300 385 336 cm.
455 286 630 341 Prima,
663 288 900 335 moderato
926 289 966 334 8c
988 286 1131 333 amico
1163 283 1277 344 stylo
1305 282 1494 345 scripta,
1530 283 1681 343 aliqua
1703 281 2221 333 coneineffin'anatome
2247 282 2326 341 ᾖξε.

275 353 391 413 patis
422 351 712 412 corrigenda,
745 351 933 414 ad4ejus
966 348 1147 396 visceris
1181 350 1446 409 ligamenta,
1495 345 1719 408 figuram,
1754 345 1892 399 vasa,
1918 347 2080 395 ductus
2114 349 2322 402 hilarios.

276 415 412 461 etiam
441 414 794 475 cysthepaticos‚
823 417 925 462 bilis
967 415 1065 460 iter.
1152 412 1329 458 Deinde
1357 412 1412 458 ad
1445 412 1728 464 orationem,
1778 427 1867 470 qua
1901 412 2157 459 ancnus
2188 411 2326 458 histo-

274 480 389 532 riam
411 480 712 526 anatomicam
732 479 988 540 adtigerat,
1004 477 1196 538 juvenili
1218 487 1329 522 tunc
1363 478 1404 522 &
1436 475 1727 521 inemendato
1755 474 1915 521 studio.
1939 521 1947 522 r

411 562 561 608 Altera
582 558 812 613 succeffit,
858 576 961 605 cum
988 559 1171 605 interim
1198 558 1452 604 BIANCHUS
1478 558 1527 603 in
1559 558 1699 603 altero
1726 567 1853 602 tomo
1886 556 2322 619 historiae‚hepaticae
2354 604 2357 605 ⁷

275 622 322 671 se
349 625 579 671 vindicare
617 622 764 671 fuiffet
793 621 1009 673 adnisu33
1054 622 1167 667 acris
1191 620 1296 673 ista,
1333 637 1422 683 qua
1449 621 1559 667 vitia
1589 622 1686 680 ejus
1715 621 1819 666 libri
1845 621 1998 666 vivide
2027 619 2319 675 accusantur,

268 688 445 741 icones,
483 704 627 748 neque
651 692 769 734 Certe
792 685 875 731 nifi
898 686 1077 737 merito,
1105 696 1369 744 carpuntur.
1465 683 1650 743 Adjecta
1676 683 1738 729 est
1760 685 1811 729 in
1834 685 1874 744 J.
1898 685 1943 729 B.
1964 686 2180 731 BIANCHI
2205 684 2324 743 Jose-

270 750 347 814 phi
372 753 549 799 Pozzn
580 749 830 802 accusatio,
862 750 941 809 qui
962 749 1218 808 exemplum
1241 748 1462 794 ductuum
1491 748 1755 793 bilariorum
1780 749 1890 793 mire
1922 748 2214 794 dilatatotum
2231 781 2244 802 ,
2280 750 2323 795 &

274 832 301 862 a
323 817 559 863 BIANCHO
587 812 928 873 descriptorum,
958 814 1185 859 TACONO
1212 812 1440 864 vindicat,
1472 812 1515 857 Sc
1545 811 1706 857 ductus
1729 811 2052 872 cysthepaticos
2081 810 2259 858 refutat.

403 898 539 943 IDEM
567 896 730 941 Venet.
757 907 891 952 1740.
908 906 953 952 4.
993 892 1186 940 2.Vol.*
1213 893 1358 938 edidit
1385 893 1662 939 VALSALVAE
1687 909 1822 952 opera
1839 927 1851 946 ,
1885 893 2117 952 vitamque
2151 892 2326 940 addidit

274 961 318 1007 &
344 959 562 1018 Epistolas
588 958 864 1011 octodecim,
908 974 1008 1018 quae
1046 973 1149 1003 cum
1180 957 1385 1016 proxime
1418 954 1607 1001 recensis
1646 970 1891 1002 numeratae
1933 973 2176 1002 numerum
2204 973 2326 1003 com-

271 1024 402 1082 plent
430 1023 726 1083 vigenarium.
796 1022 880 1067 Hae
919 1020 1124 1081 Epistolae
1168 1019 1386 1066 haestenus
1425 1019 1481 1064 ad
1512 1021 1682 1078 aliquas
1710 1017 1988 1067 VALSALVJF.
2029 1037 2162 1066 voces
2191 1019 2324 1080 respi-

273 1087 427 1138 ciunt,
461 1100 514 1132 ut
534 1085 732 1139 infinita,
771 1086 811 1131 &
833 1086 1097 1144 plerumque
1124 1082 1375 1136 subtiliora,
1408 1084 1662 1129 anatomica
1682 1084 1988 1142 experimenta
2009 1086 2182 1130 SUMM1
2200 1084 2322 1130 Vim

273 1149 567 1202 contineant,
602 1162 702 1196 tum
727 1161 872 1195 totam
896 1148 1126 1208 hujusque
1149 1148 1379 1207 particulae
1403 1146 1634 1192 historiam
1649 1179 1662 1197 ‚
1696 1158 1749 1192 ut
1772 1148 1986 1206 paulatim
2011 1164 2036 1193 a
2061 1147 2196 1193 variis
2218 1145 2246 1192 s
2240 1147 2328 1193 cri-

271 1214 480 1274 ptoribus
499 1226 578 1260 aut
598 1211 792 1274 perfecta
815 1210 883 1264 fit,
917 1225 996 1258 aut
1024 1227 1101 1272 per
1129 1227 1300 1256 errores
1329 1222 1553 1270 corrupta.
1646 1209 1843 1269 Epistola
1870 1211 1952 1257 ΠΙ.
1984 1209 2076 1256 fere
2111 1211 2166 1256 ad
2200 1211 2324 1271 glan-

273 1274 654 1330 dulas‘sebaceas,
699 1279 741 1322 ὃς
762 1276 816 1322 ad
843 1275 1077 1336 glandulas
1104 1275 1155 1320 in
1184 1272 1450 1320 universum
1475 1273 1692 1334 pertinet,
1731 1289 1924 1333 quarum
1950 1276 1992 1320 &
2017 1272 2239 1320 viscerum
2261 1272 2324 1319 fa-

269 1339 441 1386 bricam
462 1339 751 1387 veficularem
766 1351 922 1386 contra
936 1339 1248 1385 RUYSCHIUM
1273 1335 1420 1384 studet
1445 1335 1729 1388 confirmare,
1744 1338 1802 1383 ,&
1817 1337 2169 1384 MALPIGHIUM
2188 1339 2320 1384 tueri.

270 1403 468 1462 Epistola
497 1405 580 1450 IV.
622 1402 790 1464 spectat
819 1403 875 1449 ad
905 1403 1177 1454 auriculam,
1213 1405 1255 1448 Ξῖ
1285 1401 1339 1446 ad
1373 1401 1654 1447 auditorium
1692 1412 1918 1445 meatum:
1962 1401 2017 1446 In
2050 1412 2152 1447 toto
2187 1417 2322 1461 opere

270 1466 552 1516 VALsALvffl
584 1468 744 1514 merita
769 1468 965 1513 Am1cus
995 1465 1141 1512 editor
1168 1465 1383 1517 vindicat,
1408 1478 1564 1510 eontra
1584 1463 1939 1510 Vmussssmum
1963 1465 2180 1524 aliosque.
2250 1465 2321 1510 De

270 1529 480 1578 incisuris
522 1543 698 1578 meatus
734 1530 1025 1590 cartilaginei.
1121 1530 1177 1575 In
1214 1528 1350 1588 Epist.
1389 1527 1446 1573 V.
1490 1527 1583 1588 agit
1620 1526 1675 1571 de
1720 1528 1926 1586 tympani
1968 1528 2229 1573 membrana
2279 1529 2322 1574 δι

270 1606 428 1644 cavea:
479 1594 533 1641 de
559 1596 757 1642 cutieula
776 1594 965 1653 aliisque
992 1593 1088 1653 ejus
1111 1592 1384 1638 membranae
1412 1591 1592 1636 laminis
1619 1608 1630 1635 :
1684 1591 1738 1636 de
1759 1590 1887 1636 hiatu
1922 1590 2124 1652 ejusdem
2144 1624 2156 1645 ‚
2185 1607 2321 1651 quem

269 1658 444 1718 rejicit,
475 1659 529 1705 de
554 1660 727 1706 cellulis
755 1657 1063 1703 mammillaris
1087 1654 1189 1702 offis
1205 1689 1219 1708 ,
1269 1656 1323 1701 de
1348 1652 1544 1701 officulis
1575 1653 1758 1700 auditus
1788 1656 1830 1700 &
1855 1670 2014 1700 eorum
2040 1654 2321 1714 antiquitati-

269 1721 381 1774 bus,
426 1736 562 1782 atque
595 1720 823 1768 musculis.
925 1720 1122 1779 Epistola
1145 1719 1250 1766 VII.
1283 1719 1337 1765 de
1364 1731 1558 1777 utraque
1585 1716 1805 1770 fenestra,
1860 1718 1996 1771 tuba,
2052 1720 2094 1764 &
2130 1716 2320 1765 vasculis

270 1785 513 1845 nervisque
541 1787 776 1846 tympani:
824 1783 877 1830 de
908 1783 1166 1829 minoribus
1193 1799 1347 1829 earum
1374 1783 1568 1841 partium
1595 1779 1930 1834 foraminibus,
1966 1781 2087 1828 tubae
2120 1782 2320 1828 utilitate

271 1849 317 1894 &
347 1848 586 1902 musculis,
622 1852 662 1897 &
696 1848 903 1908 tympani
932 1846 1113 1893 chorda.
1182 1846 1317 1906 Epist.
1334 1846 1460 1892 VIII.
1495 1845 1551 1891 ad
1579 1843 1806 1891 musculos
1832 1847 1982 1891 uvulae
2013 1847 2054 1891 S:
2072 1843 2320 1905 pharyngis

270 1909 453 1971 specht,
479 1914 631 1959 brevis
656 1914 862 1958 omnino.
931 1910 1068 1970 Epist.
1094 1910 1179 1956 IX.
1213 1909 1268 1956 ad
1290 1908 1567 1970 pharyngem
1597 1909 1647 1954 in
1679 1906 1968 1961 universum,
2003 1908 2099 1969 ejus
2130 1909 2320 1969 glandu-

265 1975 335 2023 las
363 1977 405 2021 &
430 1975 748 2037 oesophagum,
776 1975 831 2021 ad
846 1976 1032 2021 uvulam
1055 1976 1097 2021 ἃ
1113 1974 1312 2034 palatum
1334 1974 1483 2025 molle,
1512 1971 1568 2018 ad
1583 1970 1783 2018 tonsillas
1800 2006 1812 2025 ,
1852 1972 1906 2018 ad
1921 1971 2182 2032 glandulam
2204 1987 2319 2017 non-

269 2039 506 2089 nullorum
537 2038 848 2100 oesophageam
879 2036 1123 2090 dorsalem,
1161 2035 1218 2083 ad
1252 2036 1513 2096 glandulam
1543 2034 1853 2095 thyreoideam
1886 2035 2072 2096 ejusque
2105 2032 2315 2088 succum,

267 2101 326 2147 ad
343 2101 626 2149 bronchiales
644 2105 704 2163 gl.
789 2102 922 2162 Epist.
939 2103 999 2147 X.
1025 2101 1079 2147 de
1100 2098 1314 2147 musculis
1339 2101 1491 2146 uvulae
1508 2101 1549 2145 ὃς
1569 2100 1704 2158 palati
1722 2100 1870 2146 mollis
1885 2133 1898 2151 ,
1932 2097 2029 2144 fuse
2052 2100 2092 2144 &
2113 2110 2318 2144 accurate

271 2166 315 2211 ἃ
342 2166 422 2226 Ep.
441 2167 526 2213 XI.
555 2166 610 2212 de
637 2163 848 2212 musculis
875 2161 1144 2226 pharyngis:
1176 2164 1361 2224 perinde
1400 2165 1479 2223 Ep.
1502 2163 1609 2209 XII.
1639 2163 1719 2209 ubi
1743 2161 2148 2222 stylopharyngeus
2188 2163 2316 2208 alter.

268 2227 327 2274 In
355 2229 510 2277 eadem
535 2231 614 2289 Ep.
630 2230 738 2276 XII.
763 2227 1084 2275 accuratissime
1110 2228 1274 2288 quaerit
1298 2227 1352 2273 de
1374 2225 1660 2286 labyrinthO,
1699 2227 1740 2272 ἃ
1770 2226 1823 2271 de
1844 2225 2044 2270 minimis
2070 2225 2204 2271 etiam
2229 2222 2317 2271 sul-

268 2291 334 2337 cis
357 2305 491 2353 atque
514 2291 829 2345 foraminibus,
865 2293 918 2337 de
931 2291 1127 2344 cochlea,
1158 2293 1322 2337 lamina
1336 2289 1500 2350 spirali,
1534 2289 1768 2335 canalibus
1780 2287 2198 2341 semicircularibus,
2230 2288 2318 2335 viis

270 2356 315 2401 ἃ
336 2358 472 2403 ramis
486 2356 958 2408 nervimollis&duri,
990 2355 1044 2400 de
1059 2351 1516 2413 membranapulposa
1528 2351 1760 2404 vestibuli,
1786 2352 2018 2411 zonisque.
2086 2353 2165 2411 Ep.
2180 2352 2316 2399 XIII.

270 2418 327 2464 ad
354 2420 475 2466 auris
506 2417 725 2466 universae
755 2418 1076 2479 physiologiam
1094 2451 1108 2471 ‚
1136 2416 1403 2463 morborum
1425 2415 1594 2463 cerebri
1622 2431 1775 2462 veram
1800 2413 1963 2461 sedem.
2033 2414 2168 2475 Epist.
2182 2414 2318 2463 XIV.

266 2481 603 2530 adintestinum
614 2484 764 2535 colon,
791 2483 1155 2542 ejusligamenta,
1170 2479 1436 2527 intestinum
1449 2494 1633 2532 caecum,
1658 2479 1754 2539 ejus
1769 2478 2074 2538 appendicem.
2109 2479 2188 2538 Ep.
2204 2477 2315 2526 XV.

270 2544 327 2590 ad
351 2545 471 2593 finus
500 2562 674 2607 magnae
689 2548 867 2591 arteriae
896 2546 1319 2597 VALSALVIANOS,
1355 2543 1410 2590 ad
1434 2543 1636 2590 valvulas
1663 2542 1812 2588 cordis
1841 2544 1882 2588 δι
1899 2558 2120 2590 venarum
2145 2543 2196 2588 in
2215 2542 2319 2601 uni-

267 2608 463 2664 versum,
496 2610 551 2656 ad
569 2610 798 2657 valvulam
815 2610 1097 2655 Eusmcnn
1119 2610 1161 2654 &
1182 2607 1481 2659 coronat-iam,
1518 2607 1573 2653 ad
1586 2604 1789 2652 foramen
1811 2607 1955 2659 ovale,
1991 2622 2129 2653 venas
2150 2604 2314 2658 cordis,

269 2686 435 2719 venam
466 2672 561 2720 fine
587 2674 711 2734 pari:
761 2673 814 2718 de
844 2671 1163 2717 inventoribus
1199 2671 1416 2717 circuitus
1441 2668 1702 2731 sanguinei-
1753 2668 1809 2716 de
1839 2671 1923 2716 viis
1946 2668 2177 2729 sanguinis
2201 2667 2318 2715 fetui

271 2738 489 2795 propriis,
520 2739 641 2797 poris
669 2735 781 2795 septi
813 2734 959 2781 cordis
977 2768 991 2787 ,
1027 2746 1179 2781 motus
1206 2733 1353 2779 cordis
1388 2733 1565 2781 vicibus
1589 2735 1929 2781 LANCISles.
2019 2731 2154 2792 Epist.
2177 2732 2316 2779 XVI.

272 2798 329 2844 ad
352 2815 513 2846 nervos
539 2817 564 2846 a
584 2801 853 2847 VALSALVA
886 2800 1054 2850 raetos,
1090 2813 1282 2843 nervum
1314 2798 1517 2856 opticum
1549 2800 1591 2844 δι
1619 2799 1830 2849 oculum,
1862 2797 2049 2856 ejusque
2069 2793 2315 2843 musculos.

269 2861 409 2921 Epist.
434 2862 590 2910 XVII.
623 2864 675 2909 de
711 2862 834 2909 oculi
864 2860 1069 2922 partibus
1100 2860 1422 2917 interioribus,
1457 2860 1511 2905 de
1542 2859 1670 2906 fibris
1704 2861 1746 2905 &
1774 2871 1902 2904 motu
1933 2859 2090 2912 iridis,
2129 2873 2317 2918 corpore

271 2925 436 2978 cibari,
472 2924 720 2976 humorum
745 2927 953 2978 cameris,
989 2925 1125 2970 lentis
1157 2922 1421 2982 crystallinae
1443 2920 1640 2974 fabrica,
1677 2923 1840 2981 papilla
1868 2922 1997 2966 nervi
2024 2921 2192 2980 optici,
2231 2919 2318 2966 hu-

268 2988 343 3049 jus
371 2987 580 3037 cellulasa
601 3003 789 3044 natura,
818 2989 977 3038 retinae
1004 2986 1131 3037 fibris
1161 2988 1205 3039 ὃς
1231 2983 1435 3034 vasculis.
1503 2984 1904 3047 Epist.Xv111.&
1924 2985 2061 3033 XIX.
2091 2982 2184 3030 fere
2204 2982 2317 3043 phy-

2186 3046 2318 3096 fiolo-
2345 3074 2363 3079 κ
2402 3060 2405 3062 ·
2450 3060 2460 3065 “
