2531 3394
238 125 241 128 Ι
310 0 395 90 N

330 226 533 293 Christian
556 229 743 293 Stephan
768 233 1024 282 SCHEFFEL
1050 230 1103 279 de
1114 233 1236 295 statu
1252 226 1530 287 naturali&
1550 233 1909 294 praetematurali
1934 237 2082 282 tunicae
2102 239 2242 299 pitui-

195 298 316 343 tariae
350 293 641 343 Greifswald.
672 303 808 355 1756.
834 308 881 356 4.
1656 332 1657 336 ,

315 376 403 437 Ε].“
429 380 498 423 De
512 375 723 439 sanguine
749 375 809 433 &³
823 378 899 436 jus
919 375 1102 436 mtjffione
1133 376 1196 424 ib.
1221 379 1357 436 1756.
1377 387 1425 435 4.

328 455 533 518 Christian
560 456 777 506 Friderich
810 461 1094 506 MICHAELls
1111 454 1164 503 de
1182 459 1335 521 orificii
1351 458 1466 504 uteri
1488 474 1592 504 cura
1616 457 1767 507 clinica
1788 471 1915 521 atque
1929 458 2091 521 forenfi
2122 462 2240 524 Lips.

196 528 332 579 1756.
354 525 436 580 4*
505 524 567 569 Ut
589 523 635 569 id
660 523 825 568 estium
848 522 898 567 in
926 521 1207 580 graviditatis
1230 520 1456 582 progressu
1486 533 1716 575 mutetur,
1750 534 1804 569 ut
1828 540 1883 570 ex
1909 540 1960 570 ea
1988 525 2239 573 mutatione

193 583 493 646 adgnoscatur
518 586 784 646 gravidstas,
822 596 876 631 ut
895 584 1126 645 judicetur
1155 584 1210 631 de
1238 598 1373 644 partu
1395 584 1590 631 instante
1613 597 1693 632 aut
1712 598 1903 634 remoto.

325 665 512 718 Conrad.
544 664 676 713 Wilh.
705 667 978 713 STRECKER
1004 664 1056 711 de
1066 664 1160 729 fide
1186 663 1245 721 ἓξ
1276 666 1497 727 legalitate
1523 665 1674 714 medici
1702 670 1746 714 in
1777 667 2066 731 investiganda
2094 669 2242 717 vulne-

189 747 288 778 rum
310 728 546 777 lethalitate
577 731 701 791 Jenae
726 736 861 787 1756.
890 727 970 787 4.*

327 815 463 873 Georg
486 810 667 871 Ludwig
685 813 846 856 ALEFE
856 825 917 857 LD
947 809 998 856 de
1027 814 1126 856 αὲνε
1135 808 1340 872 sanguini
1355 812 1552 872 permisto
1588 810 1722 860 Giess'.
1745 818 1878 870 1756.
1897 811 1981 872 4*
2014 814 2085 860 Cl.
2100 815 2241 862 MUL-

198 889 376 923 LERUM
409 882 554 920 aerem
581 874 631 919 in
650 872 910 934 sanguineis
930 890 1250 933 puerperarum
1273 872 1385 920 vasis
1405 874 1574 923 vidisse.
1643 878 1713 923 Sic
1739 879 2076 925 ALEFELDIUM
2103 879 2242 938 inju-

189 956 304 986 vene
329 943 385 984 'ex
411 936 642 998 sanguinis
670 937 843 998 jactura
866 948 1065 983 mortuo.
1134 937 1323 983 Perinde
1351 945 1496 983 aerem
1528 940 1579 986 in
1601 937 1819 1000 sanguine
1839 939 1988 994 fuisse,
2026 957 2129 988 cum
2171 958 2240 988 ca-

188 1004 239 1048 ni
274 1004 511 1049 vulnerato
543 1002 703 1047 arteria
728 1001 778 1046 in
804 998 1022 1060 sanguine
1047 999 1268 1053 inmersa,
1297 1003 1339 1047 &
1368 999 1452 1047 sub
1479 1018 1594 1062 aqua
1627 1005 1814 1050 vinculo
1848 1004 2053 1051 adstricta
2075 1003 2240 1052 fuisset.

189 1067 329 1113 Hunc
373 1073 520 1111 aerem
556 1080 635 1126 per
668 1066 933 1124 pulmonem
964 1066 1016 1109 in
1052 1061 1320 1124 sanguinem
1360 1064 1597 1120 advenire,
1651 1083 1799 1127 neque
1841 1066 1974 1115 suum
2023 1069 2236 1116 elatcrem

190 1141 410 1177 amittere.

193 1286 211 1318 I
285 1211 495 1319 6Gust’gv.
518 1206 704 1270 Philipp.
736 1205 990 1256 ZWINGER
1021 1205 1190 1270 hzstoria
1207 1212 1445 1271 periet-aniz*
1471 1210 1556 1271 sua
1577 1212 1730 1274 sponte
1755 1217 1995 1274 regenerati
2039 1213 2237 1263 Altdorf.

220 1285 276 1332 75
316 1286 468 1416 1]ssle
502 1354 851 1402 V1LLESAVOIE
898 1353 1241 1413 observationum
1282 1355 1446 1403 medico
1486 1338 1829 1420 chirurgicarum
1860 1370 2012 1421 pentat
2051 1360 2236 1422 Erlang.

187 1425 321 1478 1756.
346 1418 426 1477 4.*
491 1418 676 1465 Praefide
697 1420 766 1465 Cl.
785 1421 967 1467 Demo.
1035 1420 1198 1479 Aliqua
1222 1420 1273 1465 in
1292 1436 1377 1466 me.
1445 1420 1619 1468 Recusa
1637 1422 1699 1468 est
1726 1425 1777 1469 in
1800 1424 2007 1470 Raccolta
2028 1424 2234 1473 FAnmu.

317 1498 522 1560 Christian
548 1499 748 1562 Rudolph
771 1502 983 1547 HANNES
1002 1499 1143 1561 fetum
1174 1503 1219 1546 in
1242 1512 1365 1548 utero
1389 1514 1580 1549 materno
1598 1515 1682 1564 per
1715 1521 1758 1550 os
1783 1508 1952 1551 nutriri
1997 1505 2238 1566 Duisburg

188 1571 324 1623 1756.
355 1564 437 1623 4*
501 1565 571 1610 De
598 1581 740 1624 puero
776 1566 892 1610 male
916 1563 1139 1618 formato,
1187 1563 1337 1610 sterno
1361 1563 1559 1620 friabili,
1596 1567 1788 1614 humero
1823 1566 1955 1629 super
1984 1580 2119 1628 caput
2158 1585 2237 1614 ex*

183 1626 326 1676 tenso.
397 1628 533 1674 Fetus
565 1644 642 1674 cor
681 1628 892 1674 dextrum
928 1626 1102 1674 finistro
1146 1643 1244 1674 non
1278 1629 1414 1676 latius
1440 1628 1536 1676 effe.
1603 1630 1772 1692 Rejicit
1798 1630 1932 1678 fibras
1959 1630 2235 1679 musculosas

182 1693 314 1738 uteri.
381 1691 468 1738 Pro
500 1692 759 1737 membrana
783 1691 1009 1751 pupillari.
1079 1692 1251 1738 Contra
1281 1691 1633 1754 haemorrhagias
1653 1711 1708 1740 ex
1735 1696 1985 1742 umbilicali
2009 1694 2235 1743 funiculo.

179 1757 376 1803 Uterum
404 1756 641 1815 gravidum
667 1771 763 1801 non
785 1756 978 1802 tenuari.
1049 1757 1119 1802 Os
1143 1754 1262 1802 fetus
1282 1756 1334 1802 in
1356 1754 1517 1804 mediis
1541 1758 1670 1818 aquis
1697 1771 1902 1818 apertum
1933 1757 2030 1806 effe.

307 1842 422 1884 Dav.
449 1841 546 1884 Car.
562 1841 706 1883 Eman.
719 1837 930 1883 BERDOT
945 1870 957 1889 ,
981 1836 1186 1894 (Medici
1203 1837 1732 1899 Montisbeligardenfis)
1755 1841 1845 1886 cari
1858 1839 2019 1888 sodalis
2033 1840 2237 1900 aliquan-

182 1901 239 1946 do
259 1901 346 1946 mei
366 1901 414 1945 in
439 1901 660 1946 botanicis
685 1899 1056 1956 excursionibus„
1090 1900 1142 1945 de
1156 1899 1347 1961 suspiria
1377 1900 1500 1948 Bafil.
1520 1908 1654 1959 1756.
1672 1906 1746 1960 4*
1790 1904 2162 1964 Experimentum
2181 1905 2231 1953 in.

179 1964 365 2012 tendine
387 1962 591 2009 humano
622 1962 818 2016 factum,
855 1980 987 2024 quem
1015 1961 1269 2009 insenfilem
1291 1967 1472 2025 reperit.
1540 1965 1674 2012 Fetus
1699 1966 1898 2028 bicipitis
1922 1980 2149 2016 anatome.

307 2047 382 2105 EJ.
416 2044 584 2105 Abrege‘
604 2045 657 2091 de
679 2045 788 2091 [ἀνι
807 2044 1082 2092 d'accoucher
1108 2047 1133 2090 ἀ
1154 2044 1310 2107 l'usage
1331 2045 1403 2091 des
1422 2045 1698 2094 accoucheurs
1721 2047 1791 2095 des
1807 2049 2110 2111 sagesfemmes
2133 2048 2232 2105 &a

179 2107 304 2155 Bafil.
330 2122 463 2167 1774.
484 2109 559 2162 8.*
594 2111 832 2155 Anatome.
867 2110 975 2155 Duo
1001 2108 1110 2155 freta
1125 2110 1284 2169 pelvis.
1331 2110 1444 2156 Non
1458 2108 1622 2156 necesse
1653 2110 1734 2157 effe
1758 2111 1903 2159 fetum
1917 2114 2226 2173 contorqueri,

179 2185 233 2218 ut
263 2173 316 2218 de
345 2174 482 2232 pelvis
503 2170 619 2218 freto
655 2183 795 2218 exeat.
865 2172 1044 2219 Foetum
1078 2173 1325 2219 immutato
1350 2171 1464 2226 fitu,
1500 2171 1612 2220 facie
1644 2175 1698 2220 ad
1721 2192 1771 2222 os
1797 2174 1971 2223 sacrum
1997 2176 2226 2231 conversa,

179 2236 229 2280 in
261 2249 439 2295 partum
467 2235 691 2296 progredi.
760 2236 911 2282 Partes
949 2237 1168 2296 genitales
1207 2237 1391 2288 matris3
1431 2239 1472 2283 ἃ
1499 2235 1632 2284 fetus.
1702 2239 1863 2285 Fctum
1895 2239 2054 2287 senfim
2077 2239 2119 2286 se
2138 2255 2229 2287 cer-1

178 2314 325 2344 nuum
350 2299 466 2345 dare.
538 2300 695 2345 Partus
716 2299 951 2346 naturalis.
1020 2300 1297 2346 Funiculum
1323 2312 1475 2346 tamen
1496 2302 1625 2361 ligari
1652 2302 1825 2350 debere.

306 2379 442 2426 IDEM
473 2379 522 2424 in
550 2379 719 2440 epistolis
746 2379 801 2425 ad
829 2395 899 2425 me
925 2379 1041 2426 datis
1064 2380 1119 2426 T.
1137 2381 1218 2426 IV.
1242 2393 1305 2440 ep.
1323 2393 1348 2426 -1
1365 2394 1433 2435 19.
1467 2382 1823 2442 experimentum
1845 2384 1902 2432 ad
1924 2385 2122 2432 tendinis
2149 2402 2225 2432 xia-2

181 2454 331 2489 turam
355 2440 609 2488 insensilem
629 2442 898 2489 vincendam
923 2444 973 2488 in
1003 2444 1112 2489 vivo
1144 2442 1330 2489 homine
1352 2441 1522 2490 factum
1544 2447 1768 2505 producit.

307 2525 364 2569 In
396 2524 450 2569 T.
468 2523 527 2568 V.
552 2526 624 2583 Ep.
657 2534 755 2577 139.
790 2523 845 2568 In
876 2524 1027 2583 puella
1061 2524 1231 2570 trienni
1249 2523 1605 2574 haemorrhoides
1630 2529 1867 2577 menstruae
1896 2531 1936 2576 &
1958 2529 2093 2577 sudor
2128 2527 2224 2576 san-

179 2587 330 2649 guinis
361 2588 411 2632 in
442 2584 544 2631 sene
574 2584 858 2646 largiffimus.

305 2671 379 2729 Ep.
408 2667 490 2726 obſs
529 2678 632 2723 193.
667 2666 791 2712 aliud
812 2667 1173 2728 experimentum
1201 2668 1257 2715 ad
1279 2669 1593 2719 adstruendam
1611 2672 1811 2719 tendinis
1831 2671 2130 2720 insenfibilem
2149 2689 2225 2720 na-

177 2742 348 2784 turam,
384 2731 434 2777 in
454 2732 621 2791 juvene
644 2728 830 2776 factum.

306 2816 379 2872 Ep.
401 2818 509 2868 238.
545 2808 665 2858 fetus
699 2810 849 2871 biceps
877 2812 1132 2871 pectoribus
1170 2813 1442 2874 conjunctis.
1510 2817 1619 2878 Ejus
1644 2828 1876 2863 anatome:
1915 2833 1992 2864 cor
2015 2818 2221 2866 unicum.

181 2873 253 2982 1Sd?
277 2872 429 2933 hepar.
513 2876 623 2923 Duo
649 2876 917 2930 ventriculi,
952 2878 1113 2938 pyloro
1142 2878 1309 2932 unico,
1347 2876 1404 2926 fic
1435 2890 1583 2928 utero.
1655 2882 1801 2940 Spinae
1832 2879 1949 2929 dorfi
1985 2881 2085 2929 duae
2117 2898 2225 2929 con-

250 2947 389 2985 entes.

664 96 713 158 g,
759 105 1067 162 1157.1158.
1131 83 1793 161 ommni-muns
2154 114 2241 166 525

1184 3003 1230 3052 U
1250 3020 1282 3053 u
1315 3022 1347 3053 u
1380 3016 1407 3063 3
2105 3005 2221 3072 Aug.
