2531 3394
808 109 850 162 ς.
893 118 1014 168 1274
1046 133 1109 144 -
1147 115 1282 169 1276.
1352 105 1398 155 V
1429 105 1466 155 A
1495 106 1539 156 R
1572 107 1594 157 Ι
1625 109 1660 157 1.
1748 115 1765 131 ²¹
2168 125 2260 176 703

337 235 503 292 TJoa'oci
521 236 818 285 EHRHARDT
855 238 1102 301 Sammlgmg
1134 254 1220 284 von
1253 234 1594 298 Beobachtungen
1621 253 1703 287 zur
1737 239 2038 304 Gehur'tshiilfe
2080 243 2264 291 Nurnb.

218 312 353 360 1773.
373 300 450 355 8.*
487 302 609 349 Situs
628 300 745 347 fetus
761 300 909 348 vitiosi
924 302 1050 349 varii.
1095 301 1303 348 Medicus
1318 299 1531 348 secundas
1547 303 1737 348 avellere
1757 320 1812 348 ne
1827 320 2044 366 properet,
2064 324 2162 368 quae
2176 310 2266 369 ple-

206 382 399 427 rumque
425 363 584 426 sponte
612 366 846 420 decidant,
887 366 1020 412 etiam
1048 364 1230 424 quando
1254 365 1304 410 in
1326 365 1485 411 cellula
1509 365 1630 412 uteri
1660 364 1870 415 resident.

877 497 915 547 ς.
951 494 1352 542 MCCLXXV.
1461 495 1586 543 Gaui.

343 612 410 658 M.
439 611 495 658 R.
520 610 845 661 CONDORCET
880 607 1026 669 Eloges
1063 607 1134 654 des
1168 608 1471 656 academiciens
1507 609 1652 672 depuis
1691 616 1825 658 1666.
1862 612 2034 674 jufiques
2065 615 2089 660 ά
2128 619 2261 673 1669.

213 675 336 723 Paris
364 687 497 733 1773.
527 675 601 728 8.*
647 674 943 724 Maaxorrl,
983 672 1205 720 CLAuDu
1232 673 1521 727 Psameris,
1546 676 1817 722 CHARAssu
1841 678 2002 738 elogia.

342 775 579 837 Reflexz'ons
611 767 945 833 philosophiques
975 769 1058 829 sur
1088 769 1277 818 l'homme
1305 770 1365 827 ἐξ
1383 772 1463 831 fizr
1496 773 1553 820 les
1580 779 1786 821 animaux
1831 776 1954 823 Leid.
1980 789 2120 837 1773*
2160 779 2267 828 12.*

211 840 363 887 Multa
392 835 708 897 physiologica.
778 835 1025 880 Cerebrum
1063 835 1184 881 inter
1217 837 1371 882 omnia
1409 839 1621 884 animalia
1661 837 1841 886 homini
1868 843 2116 888 maximum
2151 842 2264 896 effe5

155 944 158 946 ,
213 902 481 949 cerebellum
517 900 702 946 cerebro
737 897 927 945 firmius.
996 899 1270 946 Pulmonem
1302 899 1356 945 ad
1395 899 1681 962 refrigerium
1718 915 1924 962 paratum
1959 902 2055 952 effe.
2125 908 2264 954 Semi-

213 982 323 1011 num
349 965 492 1025 origo.
561 965 615 1010 In
651 963 898 1022 embryone
934 978 1012 1008 cor
1040 965 1081 1008 ἃ
1116 965 1345 1010 cerebrum
1379 963 1597 1012 structum
1633 965 1801 1020 adesse,
1841 969 2035 1027 reliquas
2065 971 2267 1030 corporis

214 1040 359 1088 partes
387 1045 441 1074 ex
460 1026 592 1074 succo
613 1027 805 1074 nutritio
835 1024 1056 1072 subnasci.
1121 1027 1301 1076 ¹Contra
1327 1028 1650 1079 BufFoNJUM.
1721 1031 1791 1077 De
1822 1048 2049 1080 cornuum
2074 1035 2266 1095 origine.

211 1093 266 1139 In
295 1090 598 1155 septentrione
627 1093 776 1152 plures
804 1105 967 1150 pueros
988 1087 1122 1136 nasci.

343 1193 397 1238 In
411 1191 649 1238 VERDIER
677 1190 740 1235 l.l.
766 1187 818 1234 de
839 1189 883 1235 la
897 1187 1198 1250 pezfet'libilite'
1219 1190 1274 1236 T.
1289 1189 1348 1236 V.
1375 1191 1525 1251 agitur
1551 1192 1603 1239 de
1631 1195 1848 1242 memoria
1867 1195 1964 1256 post
1982 1197 2266 1257 apoplexiam

216 1254 388 1308 amiisa,
427 1254 532 1300 dum
556 1255 605 1299 in
629 1253 812 1311 reliquis
840 1269 966 1299 mens
993 1251 1077 1299 sibi
1101 1252 1338 1300 constaret.
1416 1256 1472 1302 In
1498 1258 1552 1304 T.
1570 1258 1604 1304 Ι,
1642 1256 1863 1306 summam
1895 1260 2187 1326 physiologiae
2215 1262 2267 1308 in

205 1320 479 1365 'educatione
497 1317 743 1364 utilitatem
770 1317 939 1364 laudat.

839 1444 884 1503 ς.
921 1446 1362 1497 mcctxxvr..
1466 1449 1616 1515 Angli.

337 1566 522 1610 Henrici
559 1562 880 1610 PEMBERTON
916 1563 1064 1623 courJi.²
1096 1564 1150 1624 of
1167 1562 1407 1627 physiology
1449 1567 1643 1614 London
1676 1578 1809 1627 1773.
1840 1569 1920 1623 8.*
1966 1568 2266 1622 Posthumum

213 1643 327 1687 opus
354 1628 463 1673 clari
480 1627 581 1679 viri,
598 1625 1050 1686 jatromathernatici‚
1077 1627 1360 1688 perspicuum
1384 1643 1537 1676 tamen
1554 1634 1600 1678 ὃς
1627 1633 1680 1678 ab
1711 1634 1937 1681 erroribus
1963 1634 2053 1682 fere
2083 1655 2264 1697 purum„

213 1693 419 1743 Nervos‚
454 1692 533 1748 qui
557 1692 715 1736 molles
742 1688 851 1742 lint,
889 1706 984 1735 non
1013 1690 1129 1750 posse
1149 1692 1202 1736 ad
1232 1691 1504 1740 chordarum
1536 1712 1706 1742 morem
1732 1714 1874 1757 agere.
1943 1700 1997 1745 In
2024 1702 2173 1748 vitulo
2206 1704 2267 1749 la-

212 1757 360 1800 ctente
379 1754 574 1813 primum
595 1755 897 1800 ventriculum
920 1771 1109 1814 parvum
1135 1754 1214 1801 effe
1231 1789 1243 1808 ‚
1281 1769 1493 1816 quartum
1517 1757 1608 1806 fere
1634 1761 1831 1807 inanem.
1901 1763 2145 1811 Valvulam
2173 1766 2264 1812 coli

206 1815 578 1863 nihilretrorsum
604 1820 922 1863 transmittere.
990 1818 1044 1863 In
1056 1819 1262 1865 ciborum
1278 1823 1483 1868 coctione
1497 1823 1550 1868 ad
1567 1824 1852 1883 putredinem
1866 1828 2029 1881 accedi,
2053 1843 2150 1874 eam
2165 1844 2261 1876 non

214 1881 404 1942 adtingi.
472 1882 650 1927 Nervos
674 1879 824 1927 oscula
852 1879 1061 1928 vasorum
1090 1881 1398 1931 exhalantium
1425 1887 1569 1947 legere
1587 1921 1599 1939 ‚
1637 1888 1802 1934 iterum
1833 1905 1881 1935 ea
1910 1889 2012 1937 vasa
2044 1892 2264 1939 constrin-

214 1961 344 2005 gere,
382 1943 438 1991 fic
463 1958 641 1991 motum
669 1946 820 1991 tenuis
855 1944 1063 1992 humoris
1095 1962 1378 2006 promovere.
1448 1951 1632 1996 Lienem
1666 1952 1855 1998 candem
1893 1970 2061 2013 penum
2082 1954 2264 2018 sangui-

214 2009 286 2055 nis
311 2008 507 2067 recipere
525 2042 537 2061 ,
573 2024 709 2067 quam
734 2010 859 2069 jecur
883 2010 1083 2069 accipiat.
1154 2011 1353 2058 Lentum
1379 2026 1556 2060 motum
1582 2013 1814 2075 sanguinis
1835 2018 1885 2063 in
1919 2017 2080 2078 hepate
2102 2036 2264 2080 augere

214 2073 527 2119 collectionem
550 2073 746 2131 partium
766 2070 1037 2118 viscidarum
1058 2071 1290 2134 sanguinis
1315 2078 1357 2123 ἃ
1388 2077 1491 2124 bilis
1512 2079 1850 2138 generationem
1878 2081 2109 2142 adjuvare.
2154 2085 2265 2130 Non

213 2135 331 2198 poffe
358 2134 584 2182 musculos
610 2134 932 2188 intercostales,
969 2153 1254 2197 quaecunque
1280 2138 1333 2186 fit
1360 2157 1515 2187 eorum
1537 2143 1739 2196 direc'tiO,
1775 2145 1886 2203 quin
1907 2146 2146 2194 intervalla
2169 2148 2267 2194 bre-

214 2202 341 2246 viora
366 2199 571 2246 reddant.
650 2200 822 2252 Perire,
861 2200 940 2259 qui
966 2199 1258 2262 respiratione
1281 2217 1459 2259 carent,
1494 2206 1554 2252 ob
1574 2204 1804 2266 sanguinis
1830 2208 1993 2256 statum
2014 2212 2264 2271 putridum.

216 2264 286 2310 Ex
311 2271 410 2309 aere
443 2276 579 2310 tenue
608 2264 717 2323 quid
750 2262 894 2309 solum
937 2266 985 2310 in
1010 2263 1275 2326 sanguinem
1311 2270 1479 2315 venire.
1548 2270 1836 2317 Cerebellum
1871 2274 2052 2321 cerebro
2089 2274 2265 2322 firmius

214 2325 325 2379 effe,
371 2327 420 2373 in
448 2328 683 2387 apoplexia
716 2328 867 2374 minus
907 2329 1012 2388 pati.
1096 2328 1198 2375 Post
1230 2334 1512 2392 apoplexiam
1548 2333 1863 2393 repuerascens
1904 2335 2026 2383 febre
2065 2340 2263 2391 levatus,

212 2392 381 2437 iterum
410 2386 563 2436 sensus
602 2390 771 2445 amisit,
819 2408 923 2437 cum
957 2390 1093 2438 febris
1133 2391 1333 2441 desiiss'et.
1403 2397 1575 2442 Canem
1614 2396 1825 2445 facillime
1856 2417 2051 2448 vomere.
2130 2403 2261 2449 IDEM

216 2472 259 2516 p.
293 2466 398 2512 137.

343 2551 460 2607 John
478 2553 704 2600 HERRIES
730 2550 798 2599 the
816 2555 1009 2601 elements
1025 2554 1077 2616 of
1081 2553 1229 2616 speech
1273 2558 1468 2606 London
1492 2571 1629 2618 1773.
1654 2560 1735 2616 8)ιν
1778 2564 1896 2610 Mira
1927 2564 2051 2610 varia
2083 2563 2137 2610 de
2165 2580 2266 2624 pro-

212 2618 511 2664 nuntiatione
540 2618 581 2663 &
611 2619 762 2662 valore
787 2618 1032 2665 literarum.
1105 2621 1280 2669 Laudes
1302 2624 1672 2674 BRAmwoomi
1705 2625 1938 2673 Edinenfis
1956 2662 1968 2681 ,
2005 2629 2084 2687 qui
2106 2626 2266 2675 surdos

218 2682 347 2740 loqui
380 2681 538 2733 docet,
577 2681 712 2727 etiam
749 2697 851 2727 cum
879 2684 1032 2742 gratia.
1100 2683 1358 2733 Artificium
1397 2691 1671 2736 AMMANNI.
1741 2692 1979 2737 Tun-orum
2008 2708 2201 2738 acumen
2225 2694 2267 2739 ἅτ

221 2745 489 2805 gravitatem
521 2761 546 2790 a
576 2742 778 2790 tensione
801 2747 843 2791 &
877 2747 1120 2795 latitudine
1147 2749 1352 2809 glottidis
1374 2753 1632 2813 conjunctis
1658 2754 1866 2814 pendere.

347 2841 462 2897 John
493 2845 825 2892 ARMSTRONG
856 2845 1035 2893 medical
1056 2845 1182 2908 effizys
1225 2850 1421 2896 London
1446 2863 1579 2909 1773.
1614 2850 1692 2904 8.*
1728 2852 1902 2899 Contra
1931 2852 2152 2901 theoriam
2174 2888 2186 2909 ,
2226 2856 2268 2902 δε

219 2916 374 2953 tamen
403 2907 553 2955 noster
582 2905 727 2955 febres
755 2908 967 2958 nervosas
991 2911 1045 2958 ab
1066 2912 1318 2961 acrimonia
1337 2914 1544 2963 irritante
1569 2913 1801 2977 sanguinis
1824 2918 2005 2978 repetit.

2096 3015 2270 3066 Charles
