2531 3394
618 93 804 159 5957.
841 65 958 156 9‘63..
1015 93 1560 149 PORTEREIELD.
1627 97 1890 152 HUBER.
2188 110 2284 165 26³

230 247 309 291 que
337 232 382 276 in
409 226 653 289 embryones
679 229 877 290 effeffibus
923 227 1077 278 Cassel.
1107 239 1241 288 1743.
1277 224 1361 286 4*
1427 226 1688 286 Conceptus
1724 226 1869 286 sedem
1904 230 1998 278 effe·
2019 234 2069 281 in
2106 236 2279 284 ovatio,

230 296 366 341 Fetus
394 292 614 340 fabricam
644 295 697 340 ab
725 293 994 342 humoribus
1025 293 1240 339 maternis
1261 289 1381 354 ‘posse
1406 290 1605 343 turbari,
1642 292 1775 337 etiam
1801 292 1856 338 ab
1881 297 2217 356 imaginatione.

362 376 536 436 EJUSD.
576 380 643 422 De
671 394 803 424 nervo
822 373 1108 435 intercostali5
1145 371 1196 417 de
1221 387 1354 418 nervo
1383 371 1525 417 0&an
1550 369 1609 427 Εᾶ
1637 376 1740 418 noni
1758 375 1878 435 parab
1911 376 2039 437 deque
2065 380 2282 442 accfflrio

230 438 537 498 ib·1744·4-*
604 441 672 486 De
689 441 872 500 ganglio
894 437 1101 488 cervicali
1119 433 1356 495 superiori,
1398 436 1439 481 §k
1460 433 1649 482 vasculis
1676 439 1824 496 parvis
1849 438 1945 497 ejus
1973 439 2100 488 sedis.
2166 446 2283 495 Ner-

231 519 342 550 vum
371 501 483 549 sexti
510 504 625 562 paris
653 520 748 549 non
781 499 972 548 crescere
995 501 1049 545 ab
1080 512 1263 559 accepto
1289 499 1579 546 intercostali.
1647 501 1764 546 Duae
1798 502 1966 550 radices
1994 506 2122 552 nervi
2147 508 2284 555 inter..

231 566 421 614 costalis.
491 566 624 614 Nihil
650 583 675 612 a
699 567 862 626 quinto
884 565 939 610 ad
964 563 1292 610 intercostalem
1317 564 1488 610 venire.

366 649 439 709 EJ.
476 652 543 694 De
547 649 764 710 foramine
788 646 905 693 ovali
938 644 1091 692 Cass'el.
1116 658 1250 704 1745.
1271 643 1353 704 4*
1388 661 1489 692 cum
1509 645 1604 707 ejus
1618 647 1877 701 corniculis,
1903 649 2099 703 valvula,
2118 649 2288 718 officio.

357 731 430 788 EJ.
471 734 536 775 De
557 729 741 788 monstrt}
772 726 926 774 Caffel.
956 734 1091 786 1746.
1120 726 1202 786 4*
1267 728 1493 774 Porcellus
1526 729 1670 787 capite
1705 729 1903 776 breviori
1929 731 1971 777 8c
1994 731 2255 779 rotundiori
2274 752 2290 785 ς

233 794 274 839 ei
306 791 561 854 proboscis,
599 792 950 839 oculusunicus.
1019 792 1147 838 Alius
1171 792 1392 851 porcellus
1407 789 1634 838 informis.
1703 793 1833 847 Puer,
1871 795 2290 853 quem&vidimus‚

232 859 408 903 macula
435 854 598 916 pilosa,
636 872 691 901 ex
718 867 914 907 terrore,
960 867 1011 902 ut
1042 856 1301 915 putabatur.
1374 855 1600 902 Caeterum
1625 872 1709 918 pro
1743 856 1955 905 monstris
1978 875 2057 919 per
2085 859 2292 907 accidens

231 932 429 982 pugnat,
464 922 506 966 ἃ
530 936 611 980 pro
637 917 833 966 efficacia
861 920 1200 981 imaginationis
1229 930 1462 967 maternae.

361 1001 435 1062 EJ.
468 1005 534 1047 De
558 991 672 1047 affre*
687 1013 814 1062 atque
839 1001 988 1047 cleflro
1013 1005 1233 1048 oeconomiae
1250 1000 1428 1047 animali
1431 1000 1749 1062 famulantibus
1776 1000 2156 1067 &imperantibus
2190 1003 2295 1053 Cas-

230 1062 306 1111 sel.
335 1072 470 1124 1748.
493 1064 574 1124 4*
616 1064 709 1112 Effe
733 1069 783 1112 in
804 1063 945 1113 succis
970 1065 1130 1111 nostris
1151 1065 1377 1112 elasticum
1400 1072 1546 1111 aerem
1571 1082 1650 1126 per
1669 1068 1934 1127 pulmonem
1956 1069 2289 1135 advenientem.

362 1147 437 1205 ΕΙ.
487 1146 805 1206 Observationes
841 1152 957 1193 circa
980 1145 1145 1193 morbos
1167 1148 1385 1193 nonnullos
1410 1147 1657 1209 epidemicos
1680 1161 1763 1210 per
1788 1154 2055 1212 reciprocum
2081 1152 2188 1198 aeris
2218 1149 2295 1198 lm-

233 1215 352 1257 mani
385 1209 443 1266 ἓξ
466 1209 797 1273 atlmtosphaerici
820 1215 1112 1258 commercium
1140 1212 1365 1273 illustratos
1404 1210 1699 1272 Caise11755.
1721 1210 1805 1273 4.*
1871 1216 1959 1261 Pro
1987 1215 2103 1263 aeris
2130 1214 2294 1263 elastici

232 1275 284 1321 in
312 1272 579 1336 sanguinem
608 1288 880 1322 commeatu.
1489 1286 1509 1292 ⁸

292 1365 294 1368 ’
359 1357 434 1417 EJ.
476 1356 804 1416 Observationes
833 1357 982 1419 aliqua:
1009 1361 1252 1405 anatonticae
1283 1355 1437 1404 Caffel.
1462 1364 1597 1416 1760.
1622 1358 1701 1417 4.*
1767 1360 1954 1420 Septum
1981 1361 2258 1422 pellucidum
2279 1400 2291 1420 ‚

233 1421 331 1482 ejus
359 1420 469 1477 duas
493 1422 708 1474 laminas,
745 1423 785 1467 &
810 1438 992 1467 caveam
1023 1421 1248 1468 describit.
1317 1422 1494 1467 Venam
1528 1436 1764 1483 portarum
1797 1441 1876 1485 per
1909 1427 2143 1486 proprium
2182 1427 2297 1490 septi

233 1483 475 1532 transversi
510 1483 715 1531 foramen
743 1487 796 1531 in
828 1502 991 1532 venam
1035 1502 1190 1532 cavam
1227 1483 1272 1532 se
1306 1484 1527 1532 inmififfe.
1621 1490 1796 1534 Arteria
1836 1487 2099 1549 spermatica
2139 1492 2297 1540 dextra

235 1565 290 1607 ex
313 1548 528 1610 phrenica
550 1562 670 1596 nata.
737 1551 853 1595 Duae
877 1552 1027 1610 pelves
1054 1551 1225 1596 renales
1242 1583 1254 1603 ,
1292 1565 1395 1596 cum
1428 1549 1610 1598 duobus
1638 1553 1909 1601 ureteribus.
1977 1554 2192 1604 Redeunt
2219 1556 2298 1604 ista

234 1612 285 1662 in
306 1613 389 1674 obs.
419 1627 520 1660 101.
560 1615 647 1663 Vol.
677 1614 760 1661 III.
789 1618 909 1661 Nov.
936 1615 1032 1660 Αὲἶ.
1056 1619 1169 1661 Nat.
1205 1619 1306 1662 Cur.

342 1690 438 1757 ¹EJ.
474 1698 524 1742 in
551 1693 663 1743 Phil.
696 1696 853 1756 Trans.
884 1707 1053 1755 11.492.
1086 1695 1276 1742 cadaver
1297 1694 1490 1743 vesicula
1512 1695 1642 1744 fellea
1665 1697 1948 1749 destitutum.

365 1778 421 1824 In
444 1775 547 1840 Eph.
575 1783 689 1825 Nat.
723 1782 822 1826 Cur.
862 1778 952 1826 Vol.
973 1778 1054 1823 VI.
1088 1777 1170 1836 obs:
1195 1784 1274 1836 76.
1309 1779 1415 1825 icon
1450 1777 1658 1839 hymenis
1686 1781 1952 1841 parabolici.
2136 1846 2139 1847 ⁷

369 1859 456 1907 Vol.
485 1860 614 1907 VIII.
649 1859 733 1920 obs.
757 1871 830 1919 24.
868 1876 984 1906 anus
1010 1857 1209 1913 clausus,
1245 1872 1301 1907 ut
1330 1857 1606 1922 suspicatur,
1645 1879 1701 1910 ex
1722 1864 2048 1927 imaginatione
2075 1867 2248 1916 matris.

371 1940 457 1987 Vol.
475 1942 556 1988 IX.
584 1941 666 2000 obs.
696 1954 798 1989 102.
837 1940 1043 1988 Veficula
1067 1940 1183 1988 fellis
1218 1941 1398 2001 duplex.
1469 1943 1578 1989 Eam
1607 1945 1657 1990 in
1690 1943 1787 1992 fetu
1812 1945 2002 1997 subinde
2032 1951 2153 1997 ultra
2181 1966 2297 1999 mare

237 2004 388 2066 ginem
420 2003 597 2066 hepatis
622 2006 833 2053 eminere.
902 2008 1032 2065 Aqua
1056 2006 1105 2051 in
1135 2004 1337 2052 vesicula
1351 2007 1536 2067 limpida
1555 2042 1567 2061 ‚
1604 2010 1704 2056 loco
1736 2010 1854 2058 bilis.

230 2131 234 2133 ,
373 2087 461 2135 Vol.
491 2089 553 2134 X.
610 2085 864 2134 Fasciculus
904 2088 1049 2134 ratior
1081 2085 1276 2134 musculi
1314 2090 1566 2148 pectoralis.
1640 2091 1898 2140 Secundum
1931 2106 2066 2156 caput
2102 2093 2296 2145 sartorii.

237 2151 540 2212 Pyramidales
565 2150 792 2207 musculos
822 2154 871 2198 in
897 2150 1079 2197 feminis
1103 2167 1341 2212 nunquam
1369 2151 1622 2200 desiderari.

367 2233 424 2279 In
435 2234 530 2280 Ael.
545 2234 675 2281 Helv.
695 2234 751 2281 T.
766 2234 847 2281 ΙΙΙ.
885 2233 939 2280 de
954 2231 1158 2280 musculo
1174 2231 1425 2281 subcrurali
1435 2235 1486 2282 in
1500 2233 1728 2296 capsulam
1752 2239 1932 2287 articuli
1951 2257 2072 2303 genu
2086 2238 2274 2290 inserto.

584 2361 628 2421 §.
665 2365 709 2411 D
724 2364 762 2411 C
778 2365 814 2411 C
828 2365 865 2411 C
879 2364 915 2412 C
929 2365 965 2411 L
977 2364 1027 2410 X
1038 2364 1060 2411 1
1073 2364 1134 2411 Χ.
1206 2362 1421 2428 christoph
1457 2365 1642 2415 Gottlieb
1663 2367 1918 2418 Bur-r-NER
1930 2392 1950 2425 3

369 2473 587 2524 Professor
613 2478 1008 2538 Regiomontanus
1028 2514 1040 2533 ‚
1071 2479 1264 2540 diligens
1287 2481 1583 2529 anatomicus.
1652 2483 1726 2544 EJ.
1764 2488 1832 2531 De
1849 2484 1958 2544 vafis
1972 2483 2296 2534 haemorrhoida-

239 2538 372 2594 Iibus,
402 2546 609 2602 piaccipue
630 2545 674 2586 in
701 2541 931 2588 abdominis
955 2543 1177 2601 visceribus
1203 2543 1546 2605 conspirantibus
1576 2546 1868 2609 Regiomont.
1896 2561 2029 2608 1733.
2057 2562 2103 2608 4.

371 2624 447 2684 EJ.
486 2626 555 2668 De
576 2620 773 2686 hydropis
795 2628 893 2670 veri
914 2623 1040 2682 causa
1056 2628 1262 2685 proxima
1296 2625 1359 2672 ib.
1388 2638 1522 2687 1734.
1549 2641 1596 2687 4.

373 2706 447 2764 EJ.
486 2709 555 2751 De
576 2709 804 2766 peritonaeo
830 2706 889 2751 ib.
915 2711 1047 2763 1738.
1069 2703 1149 2765 4.*
1181 2707 1223 2753 &
1243 2707 1294 2753 in
1310 2707 1450 2768 sele&
1477 2712 1601 2770 nostr.
1623 2711 1676 2758 T.
1696 2711 1732 2758 Ι.
1770 2711 1913 2773 deque
1937 2711 2032 2773 ejus
2051 2704 2297 2775 velamenti

244 2768 571 2830 propaginibus
599 2767 818 2815 cellulofis
842 2770 1043 2830 aliisque.

373 2851 447 2911 EJ.
493 2855 662 2901 Kurzer
692 2854 846 2898 Beweis
880 2850 958 2897 der
989 2848 1258 2910 vermehrten
1289 2851 1608 2916 Glnckfiligkeit
1642 2860 1750 2902 eines
1773 2856 1939 2903 Laudes
1967 2856 2104 2906 durch
2133 2862 2200 2907 ein
2231 2875 2297 2907 er-

241 2911 388 2961 &autes
414 2912 648 2963 Theatrum
674 2919 957 2963 anatomicam
992 2915 1279 2977 Konigsberg
1300 2923 1433 2976 1738,
1462 2930 1507 2977 4.
1544 2919 1667 2979 quod
1691 2918 1783 2980 ipse
1802 2920 2037 2988 exstruxit.

2219 3003 2295 3063 EJ.
