2531 3394
1916 0 1946 15 ,l

300 120 396 177 3⁷2
702 107 837 157 1:13.
890 108 983 155 rx.
1019 97 1464 194 aNAJrOMEs
1516 98 1954 151 PERFECTIO.

297 246 471 290 minem
493 242 616 289 tadtu
644 237 905 286 saccharum
937 253 962 282 a
991 251 1105 295 pane
1138 222 1408 285 distinxisse,
1435 242 1491 278 ut
1520 247 1573 277 eo
1600 229 1695 280 solo
1726 228 1858 278 sensu
1886 232 2083 285 valeret,
2121 229 2254 293 gustu
2288 231 2360 278 in-

299 319 529 368 tercepto,
569 308 611 352 &
640 304 802 351 auditu
823 337 836 356 ‚
874 304 916 347 &
943 298 1041 346 visu
1070 300 1153 344 &c.

429 389 629 436 Andreas
648 388 879 439 quumz
899 417 910 435 ,
956 377 1178 427 Professor
1204 389 1436 425 anatomes
1462 375 1739 423 Valentinus
1760 410 1773 430 ‚
1818 391 1917 422 non
1943 376 2126 435 quidem
2154 375 2322 423 incisor
2343 409 2357 431 ‚

297 452 447 500 edidit
468 452 690 499 Valentiae
723 459 855 507 1743.
873 442 957 505 4*
1001 443 1268 491 Medicinam
1292 450 1480 489 veterem
1506 438 1564 497 ἐφ’)
1587 457 1744 487 novam
1768 445 2046 487 continentem
2061 439 2362 503 pharmaciam

303 515 364 574 ἓξ
381 516 656 580 febrilogiam
686 513 781 569 &a
850 508 984 558 Adest
1010 511 1145 555 etiam
1169 509 1386 554 tratstatus
1415 507 1469 552 de
1497 505 1645 551 urinis
1670 505 1711 550 &
1743 502 1960 565 pulsibus.
2030 558 2064 561 m

434 600 607 660 EJusD.
648 602 731 643 Las
760 593 885 641 obms
905 591 957 637 de
973 592 1311 638 HlPPOCRATE
1341 605 1430 634 mas
1448 581 1619 646 sele'fftas
1643 587 1698 633 T.
1718 586 1755 632 I.
1791 585 1967 634 Madrit
1985 578 2127 644 17³5fi
2143 598 2189 645 4.
2225 587 2281 633 T.
2296 586 2357 634 ΙΙ.

307 669 444 721 1761.
480 661 560 721 4.*
624 663 822 718 Magnus
860 654 963 701 osor
1004 653 1373 700 mechanicorum
1414 654 1455 698 &
1493 652 1835 698 BOERHAAVH.
1906 650 2125 710 Spiritum
2159 650 2361 697 admittit

300 728 603 778 materialem,
646 722 775 770 valde
805 719 1044 772 subtilem,
1083 720 1161 778 qui
1190 715 1319 764 causa
1342 714 1396 762 fit
1421 716 1613 762 caloris:
1660 715 1709 761 in
1736 712 2030 774 respiratione
2068 730 2172 760 cum
2200 712 2363 774 spiritu

302 792 466 838 mundi
485 788 822 838 communicet,
853 785 902 830 in
931 800 1036 830 eum
1060 800 1085 829 a
1109 793 1256 828 morte
1287 780 1451 827 redeat.
1532 778 1740 824 Influxus
1765 778 1976 824 eumdem
2009 777 2232 824 stellarum
2264 776 2363 824 sen-

303 855 416 908 tire,
451 854 556 900 inde
581 851 764 899 morbos
791 848 903 895 fieri.
971 849 1026 894 In
1050 862 1238 906 corpore
1262 842 1473 891 eumdem
1497 840 1705 902 spiritum
1738 840 2004 902 sympathia:
2044 840 2220 888 causam
2254 841 2361 896 effe,

304 919 418 966 bene
443 929 608 977 notum
628 917 978 962 HELMONTIO.
1044 910 1189 958 Valde
1211 907 1293 956 fibi
1317 909 1487 969 placet,
1526 906 1650 966 quod
1675 922 1871 952 errorem
1897 906 1987 952 loci
2014 906 2270 953 everterim.

433 1002 507 1061 ΕΙ.
546 1004 613 1045 De
615 995 899 1060 procuranda
911 994 1066 1040 vetem&
1084 989 1142 1048 ἓξ
1154 989 1495 1038 novaemedicz'nce
1507 988 1795 1045 conjunffl‘ione
1809 987 1980 1035 Madrit
2003 993 2135 1046 1761.
2156 987 2236 1047 4.*
2272 988 2364 1034 Ve..

304 1063 493 1110 hemens
523 1060 624 1123 osor
651 1060 931 1107 medicorum
959 1056 1351 1103 mechanicorum,
1388 1055 1430 1099 &
1458 1054 1756 1098 inventorum
1789 1068 2098 1113 nuperorum,
2127 1063 2180 1098 ut
2209 1053 2364 1098 omnia

304 1129 360 1200 ad
379 1127 550 1238 fabiulas
568 1127 761 1199 releget,
799 1140 898 1184 quae
929 1138 1008 1184 per
1036 1121 1432 1171 thermometrum,
1465 1132 1632 1178 perque
1662 1114 2026 1177 microscopium,
2058 1116 2108 1163 in
2135 1115 2364 1177 physiolo-

303 1208 415 1254 gicis
470 1203 556 1238 unt
584 1201 786 1237 inventa.

435 1275 611 1337 EJUSD.
649 1271 932 1332 Institutiones
955 1265 1118 1314 mediceo
1141 1264 1201 1312 ad
1226 1263 1346 1324 ufimz
1371 1260 1522 1311 Scholae
1551 1261 1780 1312 Valentinae
1819 1267 1951 1321 1762.
1970 1274 2012 1321 4,

435 1357 512 1417 EJ.
550 1351 836 1416 Dff’rtacion
861 1362 1013 1398 contra
1039 1349 1102 1395 los
1121 1352 1347 1394 mecanicos
1373 1365 1423 1394 en
1445 1347 1487 1393 la
1517 1346 1613 1407 quel
1628 1345 1839 1408 pretende
1867 1344 1952 1391 dar
1970 1357 2053 1407 por
2071 1335 2285 1407 suspechos
2313 1342 2367 1391 de

308 1419 623 1478 Materialismo
656 1416 900 1478 Theologico
935 1413 1107 1465 Madrit
1129 1418 1264 1470 1768.
1289 1424 1335 1469 4.
1406 1413 1474 1458 Ita
1498 1413 1615 1471 lego.

442 1506 487 1549 F.
521 1499 696 1549 Gabriel
715 1500 931 1546 FISCHER
957 1495 1233 1556 verniinftige
1259 1491 1489 1541 Gedanhen
1509 1509 1595 1538 von
1624 1491 1701 1539 der
1723 1496 1881 1539 thtur
1896 1526 1908 1545 ‚
1947 1491 2038 1553 dass
2053 1480 2115 1548 'fie
2139 1488 2242 1537 ohne
2260 1493 2365 1538 Gott·

306 1563 578 1626 ohnm'a'chtig
589 1565 683 1625 fieye
717 1562 895 1609 Gedani
918 1572 1051 1618 1743.
1075 1563 1149 1612 8.’⁶
1216 1560 1366 1604 Multa
1393 1555 1717 1616 metaphysica,
1757 1557 1906 1616 aliqua
1940 1557 1995 1602 ad
2020 1553 2365 1615 physiologiam.

310 1633 487 1677 Contra
512 1629 784 1675 vermiculos
815 1624 1130 1686 spermaticos;
1171 1639 1268 1668 non
1307 1619 1388 1667 effe
1425 1621 1671 1681 primordia
1705 1622 1816 1666 novi
1853 1620 2095 1666 animalis:
2146 1635 2227 1679 pro
2252 1620 2365 1665 ovis.

310 1696 485 1742 Contra
505 1692 790 1739 harmoniam
811 1687 1157 1749 praestabilitam.
1213 1684 1402 1739 Sensus,
1430 1686 1686 1746 generatio,
1723 1684 1916 1731 nutritio
1945 1686 2031 1731 ἃς.
2098 1683 2233 1731 IDEM
2251 1684 2366 1730 LIN-

310 1772 446 1808 KIUM
479 1758 531 1804 de
559 1756 694 1803 stellis
717 1754 902 1801 marinis
925 1751 1077 1798 edidit.

439 1845 486 1896 J.
513 1836 734 1900 Chrzstoph.
767 1838 965 1883 RIEGER
993 1831 1249 1879 introductio
1276 1836 1319 1878 in
1348 1835 1548 1878 notitiam
1578 1847 1724 1877 rerum
1757 1828 2025 1876 naturalium
2053 1827 2112 1885 ἐξ
2138 1828 2368 1890 artffaft'a-

308 1921 434 1958 rum,
470 1921 575 1965 quas
601 1920 674 1949 ars
699 1899 756 1957 ἐξ
782 1912 944 1946 natura
971 1897 1065 1953 &a
1103 1898 1245 1957 Haag.
1273 1908 1401 1954 1743.
1425 1908 1468 1953 4.
1501 1897 1688 1942 ΖΜΟΝ(
1755 1893 1844 1940 Etfi
1877 1894 1932 1939 ad
1971 1894 2203 1940 materiam
2229 1894 2368 1940 medi-

315 1985 410 2017 cam
438 1969 657 2030 pertinet,
700 1964 839 2011 habet
869 1976 1022 2009 tamen
1052 1961 1306 2007 anatomica
1337 1961 1485 2012 varia,
1532 1972 1585 2005 ut
1608 1974 1769 2005 arcana
1795 1960 2076 2010 RUYSCHu,
2108 1970 2205 2004 tum
2228 1957 2368 2002 admi-

314 2032 651 2083 nistrationem,
702 2046 790 2090 qua
821 2025 923 2074 vasa
950 2025 1173 2086 replebat,
1221 2037 1317 2070 tum
1346 2023 1541 2084 denique
1580 2021 1721 2083 ipsam
1755 2023 1984 2068 materiem
2023 2037 2274 2073 ceraceam,
2326 2023 2368 2067 Sc

314 2095 532 2149 modum,
569 2111 660 2154 quo
690 2106 835 2153 partes
865 2102 1120 2151 praeparatae
1139 2089 1190 2134 in
1217 2086 1378 2148 spiritu
1394 2088 1493 2133 vini
1520 2085 1771 2133 servantur.
1839 2086 1896 2131 In
1923 2086 2193 2134 animalibus
2217 2085 2368 2145 aliqua

314 2162 550 2223 pertinent
571 2157 626 2204 ad
659 2173 817 2203 eorum
850 2167 1107 2201 anatomen.
1177 2153 1296 2198 Cum
1324 2153 1450 2198 litera
1477 2153 1515 2198 C
1543 2162 1692 2198 totum
1722 2166 1836 2210 opus
1867 2147 2044 2196 definit.

444 2241 559 2290 Dale
584 2240 819 2290 INGRAM,
857 2236 1084 2295 chirurgi,
1120 2232 1227 2297 effay
1265 2251 1317 2280 on
1352 2231 1422 2279 the
1461 2232 1582 2291 cause
1610 2231 1700 2278 and
1715 2230 1811 2290 seat
1837 2231 1890 2292 of
1917 2229 1986 2277 the
2019 2243 2128 2294 gout
2162 2229 2370 2290 Reading

320 2317 455 2365 1743.
481 2302 586 2359 8.*“
625 2301 738 2350 Fuse
766 2302 818 2347 de
845 2299 1056 2347 cellulosa
1079 2302 1190 2351 tela,
1231 2298 1284 2343 de
1311 2298 1410 2343 oleo
1436 2297 1485 2342 in
1510 2314 1559 2343 ea
1587 2308 1832 2348 contento,
1869 2296 2010 2355 inque
2042 2293 2230 2354 capsulis
2265 2296 2371 2340 arti..

313 2373 551 2421 culorum,
586 2367 637 2413 in
659 2364 755 2426 ipso
780 2366 963 2411 demum
989 2364 1106 2410 liene
1133 2362 1288 2423 genito
1308 2394 1322 2414 ‚
1358 2361 1489 2419 eujus
1516 2361 1604 2407 olei
1626 2359 1913 2420 degeneratio
1930 2357 1985 2406 fit
2001 2358 2130 2406 causa
2142 2358 2369 2420 podagrae.

445 2452 657 2497 Memoire
675 2447 801 2507 sopra
822 2447 863 2492 la
885 2444 1006 2507 fifica
1037 2445 1089 2491 ed
1112 2447 1253 2505 istoria
1269 2443 1475 2489 naturale
1504 2441 1549 2488 di
1570 2439 1730 2500 diversi
1750 2441 2060 2488 valentuomini
2089 2442 2248 2487 Luccae
2261 2440 2316 2485 T.
2332 2438 2367 2484 I.

322 2527 459 2574 1743.
489 2515 563 2567 83*
605 2512 737 2558 T.11.
766 2522 900 2567 1744.
925 2509 1000 2562 8.*
1040 2510 1190 2555 T.llI.
1219 2519 1353 2565 1747.
1383 2514 1454 2560 8.*
1489 2523 1600 2552 nam
1628 2506 1677 2551 in
1707 2517 1868 2564 quarto
1897 2506 2132 2552 volumine
2163 2502 2279 2549 nihil
2307 2501 2370 2547 est

316 2577 614 2641 phyliologici
635 2575 906 2645 aggumenti.
976 2573 1196 2618 Collectio
1226 2571 1286 2616 est
1313 2569 1687 2622 differtatimium,
1719 2584 1909 2628 quarum
1939 2569 2099 2628 aliquae
2125 2565 2371 2613 anatomici

315 2657 398 2691 aut
429 2639 726 2703 phyfiologici
753 2635 861 2683 sunt
880 2634 1025 2695 scopi,
1058 2648 1112 2681 ut
1141 2639 1186 2689 J.
1210 2638 1331 2681 Petri
1358 2636 1667 2681 TABARRANI
1695 2630 2049 2683 observationes,
2078 2634 2188 2684 Jani
2210 2629 2371 2675 PLAN-

322 2721 373 2755 cl
408 2703 642 2752 adnotatio
683 2702 736 2747 de
774 2700 953 2746 flamma
992 2715 1047 2744 ex
1096 2698 1353 2744 ventriculo
1388 2698 1520 2744 bovis
1554 2708 1831 2756 erumpente.
1923 2695 2087 2754 Aliqua
2129 2694 2198 2739 Cl.
2237 2694 2372 2739 Βοιδ-

322 2785 431 2817 SIER
466 2769 517 2815 de
543 2769 811 2815 SAUVAGES
837 2763 890 2809 de
924 2762 1093 2808 morbis
1127 2762 1416 2820 bombycum.
1487 2763 1533 2807 P.
1559 2762 1599 2808 S.
1630 2761 1919 2807 ROUHAULT
1942 2757 1996 2803 de
2031 2759 2073 2802 la
2102 2756 2372 2803 circulation

323 2835 386 2882 du
416 2831 537 2893 sang.
605 2831 662 2876 In
686 2830 818 2876 T.11.
855 2828 1048 2884 Cajetani
1069 2826 1310 2871 TACCONl
1341 2825 1393 2870 de
1419 2823 1594 2884 hepatis
1622 2825 1664 2870 &
1695 2821 1917 2869 viscerum
1948 2818 2295 2868 affectionibus.

455 2913 509 2962 In
536 2913 592 2962 T.
605 2912 688 2960 111.
724 2911 767 2974 J.
791 2906 843 2959 B.
866 2910 1087 2957 BIANCHI
1118 2905 1172 2953 de
1201 2905 1335 2952 novis
1363 2905 1414 2953 in
1440 2904 1712 2967 genitalibus
1737 2902 1958 2966 partibus.

2190 3005 2374 3066 ,jacquet
