2531 3394
652 96 1021 190 s§.981.982.
1087 127 1130 190 J.
1163 119 1568 191 usumin).
1636 120 1800 170 Am.
1884 198 1890 202 ἐ
2165 128 2263 185 279

209 260 354 313 hrum
381 255 603 306 renalium
630 254 895 320 sanguinem
921 273 1049 305 venae
1075 269 1195 301 cavae
1218 252 1400 299 reddere
1430 252 1701 300 tenuiorem.
1789 249 1950 300 Sensus
1981 251 2127 302 sedem
2162 271 2261 303 non

211 322 292 370 effe
317 325 367 369 in
389 322 590 370 cerebro.
658 325 843 370 Motum
884 321 1125 382 spirituum
1157 316 1260 378 ipsis
1292 317 1523 377 proprium
1555 315 1661 368 effe,
1699 331 1846 375 neque
1882 331 1906 360 a
1933 318 1979 361 vi
2008 320 2262 366 contractili

208 403 457 434 nervorum
484 386 693 447 pendere.
761 386 967 433 Medium
994 380 1204 427 sensuum
1233 381 1424 426 fluidum
1447 378 1527 425 effe
1555 377 1890 432 tenuiffimum‚
1927 380 1976 424 in
2000 397 2089 439 quo
2121 383 2261 428 elasti-

209 466 260 497 ca
289 451 475 497 materia
504 463 656 496 motus
687 461 826 496 natet.
893 447 963 492 Ab
987 462 1036 491 ea
1055 445 1240 491 materie
1267 444 1477 490 minimas
1504 441 1690 490 fibrillas
1716 443 1931 489 dilatante
1953 455 2126 489 motum
2146 444 2264 491 mus-

208 509 419 560 culorum
447 513 559 560 fieri.
629 515 786 560 Motus
816 509 1091 570 principium
1118 507 1455 560 animaledari,
1493 507 1638 554 debile
1660 506 1731 560 id,
1770 508 1812 553 &
1842 507 1994 554 vitale.
2082 507 2173 553 Cor
2205 509 2258 561 ab

208 575 372 636 elatem
393 576 612 625 fibrarum
637 575 819 623 suarum
840 572 1101 634 constringi.

651 700 698 758 §-
739 701 1294 750 DCCCCLXXXII.
1371 701 1537 750 Carolus
1567 701 1820 762 LINNAEUS.

347 802 514 852 Carolus
535 801 798 853 muninus,
832 800 938 848 inde
965 817 1008 846 v.
1030 795 1231 853 LmNE',
1268 797 1471 844 summus
1496 800 1752 858 plantarum
1774 801 1816 845 &
1844 798 1908 846 rei
1936 798 2155 846 naturalis
2177 798 2270 846 cul-

213 879 316 920 tor,
353 877 595 913 anatomen
630 864 799 924 rejicit,
845 866 886 910 Sc
918 862 1207 910 subterranea
1243 873 1374 922 putat
1408 863 1602 909 mortuis
1641 863 1825 916 deberi,
1876 864 1954 923 qui
1980 864 2112 910 nobis
2138 862 2269 925 super

213 943 377 979 terram
402 927 492 974 suis
517 927 651 973 bonis
681 926 895 977 cefferint.
966 929 1020 973 In
1034 926 1254 987 systemate
1277 937 1429 980 tamen
1458 938 1625 972 natum
1659 927 1780 973 Leid.
1808 938 1942 985 1735.
1965 925 2080 976 soh*
2112 929 2270 985 Holrn.

218 1000 350 1051 1758.
369 990 447 1046 8.*
471 993 511 1038 S<
526 992 636 1037 alios
652 989 882 1050 saepiffime
897 989 1069 1043 recuso,
1102 988 1221 1047 signa
1241 988 1440 1036 classium
1455 990 1720 1036 animalium
1741 1007 1763 1036 a
1786 987 2102 1037 dentibus'fere
2115 989 2268 1044 sumit,

214 1059 256 1104 ἃ
271 1074 296 1102 a
314 1056 535 1108 mammis,
559 1071 696 1115 quare
723 1054 802 1101 has
825 1055 1008 1114 quidem
1035 1054 1194 1112 utique
1218 1064 1438 1099 memorat
1453 1088 1465 1106 ,
1490 1055 1592 1099 illos
1618 1052 1842 1106 describit,
1870 1056 1911 1100 &
1932 1066 2076 1114 partes
2096 1055 2268 1100 anima-

211 1121 325 1168 lium
365 1132 587 1166 externas.
678 1120 851 1165 Contra
881 1118 1276 1177 degenerationem
1313 1133 1435 1163 ranae
1466 1117 1516 1163 in
1552 1116 1730 1177 piscem.
1811 1119 2091 1164 Animalium
2122 1116 2269 1165 classes

212 1184 478 1230 anatomicae
508 1217 536 1239 ‚,
550 1183 642 1228 Cor
665 1183 804 1228 unico
826 1183 1086 1228 ventriculo
1112 1183 1152 1227 &
1184 1197 1290 1228 aure
1313 1181 1450 1227 unica
1493 1182 1780 1238 „Cerebrum
1803 1181 1988 1241 aliquod
2012 1184 2053 1227 ὃς
2072 1183 2269 1229 nullum.

212 1248 461 1294 Hominem
486 1249 764 1293 nocturnum
787 1244 973 1305 separat,
1014 1247 1056 1291 ἃ
1090 1261 1193 1291 cum
1230 1261 1396 1306 orang-
1415 1257 1588 1306 outang
1611 1245 1867 1307 conjungit.
1935 1245 2075 1299 Raia,
2111 1245 2269 1299 sturio,

212 1312 290 1358 alii
310 1309 450 1372 pisces
472 1308 739 1371 respirantes
755 1344 767 1362 ,
802 1308 975 1356 habent
1004 1309 1118 1356 duos
1143 1325 1296 1370 penes.

342 1392 400 1439 In
420 1390 530 1452 disp.
558 1395 711 1439 Cervus
736 1389 880 1438 Rheno
911 1402 1040 1450 ¹754.
1064 1389 1145 1450 4*
1180 1391 1367 1437 Cornua
1392 1391 1574 1451 juniora
1597 1389 1728 1436 valde
1751 1390 1907 1437 mollia
1920 1387 2002 1436 effe
2022 1388 2273 1438 &senfilia.⁵

338 1477 409 1521 De
421 1474 593 1521 coralliio
614 1485 748 1532 1745.
767 1471 846 1533 4*
877 1473 965 1519 Pro
987 1488 1111 1519 nova
1125 1470 1316 1526 theoria,
1334 1473 1514 1519 corallia
1528 1471 1608 1518 effe
1634 1472 1767 1519 nidos
1787 1474 1829 1519 ἃ
1844 1487 1960 1533 opus
1978 1474 2270 1533 polyporum.

348 1560 425 1603 Om
451 1553 864 1617 markwardigheter
885 1559 953 1600 uti
982 1555 1208 1615 insed‘t‘erne
1256 1553 1443 1602 Stockli.
1478 1566 1614 1614 1747.
1640 1551 1719 1608 8.*
1784 1555 1854 1601 De
1883 1552 2148 1616 aphidibus‚
2176 1553 2274 1601 sco-

217 1620 431 1683 lopendra
457 1621 635 1666 lucente
663 1621 744 1666 &c.

345 1699 456 1748 Diff.
484 1700 535 1747 de
555 1705 681 1747 tcenia
714 1706 848 1759 1748.
876 1701 952 1759 4*
988 1700 1179 1760 primam
1205 1697 1285 1747 effe
1321 1701 1521 1747 articulis
1546 1699 1770 1753 deciduis,
1808 1700 1887 1760 qui
1917 1700 1967 1746 in
1999 1700 2273 1747 vermiculos

218 1765 736 1893 ἓξῗξὲἒὶῑέῧὲἱᾶᾶὺεωη.
806 1765 958 1824 Caput
990 1780 1086 1811 non
1115 1763 1310 1812 habere:
1353 1766 1592 1826 propagari
1627 1765 1682 1810 ad
1723 1765 1879 1826 polypi
1918 1763 2122 1812 modum.
2202 1765 2278 1811 De

345 1913 420 1972 EJ.
457 1910 684 1957 Miracala
708 1909 955 1969 inseffi'orum
988 1909 1141 1970 Upsal.
1169 1922 1304 1969 1753.
1326 1911 1405 1970 4·ss

350 1995 427 2054 EJ.
460 1997 558 2040 Mra
586 1991 741 2038 indicus
780 2003 913 2050 1754.
935 1990 1016 2050 4*
1050 2009 1153 2038 cum
1176 1993 1325 2052 aliqua
1349 2003 1573 2040 anatome.

351 2076 425 2135 EJ.
463 2073 686 2120 Animalia
711 2073 928 2135 compofita
970 2085 1102 2131 1753.
1125 2075 1202 2131 4*
1267 2075 1372 2120 Huc
1397 2075 1577 2120 taeniam
1599 2086 1810 2121 numerat
1833 2075 1875 2121 &
1898 2075 2130 2136 polypum.
2175 2075 2275 2124 Tae.

224 2138 345 2186 niam
372 2138 428 2185 ex
457 2139 614 2185 multis
640 2138 910 2183 animalibus
940 2138 1154 2198 conponi·
1222 2135 1477 2184 Volvocem
1516 2154 1728 2198 generare
1764 2138 2019 2186 decidentia
2059 2137 2182 2200 quasi
2212 2138 2276 2186 se«

225 2203 362 2249 mina.
431 2204 542 2249 Non
569 2200 685 2262 poffe
710 2201 805 2247 dari
825 2202 1036 2247 animalia
1069 2199 1299 2261 conposita
1322 2201 1503 2248 cerebro
1533 2200 1734 2261 praedita.

349 2285 423 2345 EJ.
467 2287 695 2331 Generatio
726 2283 944 2344 ambigena
984 2296 1118 2340 1759.
1141 2280 1223 2341 4*
1261 2283 1549 2329 Vermiculos
1578 2281 1812 2329 seminales
1832 2300 1928 2329 non
1946 2282 2026 2330 effe
2052 2282 2282 2331 animalia.

226 2345 282 2394 In
310 2345 582 2407 hybridibus
607 2347 880 2394 animalibus
909 2358 1084 2406 partem
1118 2347 1377 2394 corticalem
1399 2364 1425 2392 a
1446 2363 1571 2408 patre
1599 2346 1706 2400 effe,
1741 2347 2036 2394 medullarem
2065 2365 2089 2394 a
2119 2360 2279 2410 matre.

354 2430 428 2489 EJ.
473 2434 540 2476 De
555 2429 815 2491 pinguedine
843 2429 1020 2476 animali
1050 2441 1183 2488 1759.
1204 2428 1284 2487 4*
1318 2429 1469 2490 potius
1497 2429 1550 2474 de
1575 2427 1679 2482 sue,
1717 2429 1847 2490 cujus
1877 2430 2136 2476 varietatem
2169 2427 2277 2474 dicit

227 2492 534 2554 solidipedum.

360 2576 435 2635 EJ.
479 2575 614 2622 cIavis
633 2574 1001 2633 medicina-1766.
1020 2571 1100 2628 8.*
1135 2574 1195 2621 ob
1226 2575 1558 2636 quintuplicem
1583 2574 1842 2630 medullam,
1866 2576 1988 2622 inter
2012 2589 2121 2634 quas
2146 2573 2278 2619 etiam

230 2640 425 2687 sandalis
456 2638 517 2685 est
546 2637 613 2697 (s.
642 2639 834 2699 partium
864 2638 1172 2700 genitalium.)

359 2722 435 2783 EJ.
474 2725 542 2767 De
568 2720 761 2779 morsura
775 2719 1020 2781 serpentum
1060 2726 1196 2778 1762.
1218 2721 1297 2779 4.*ε
1334 2719 1555 2781 Inspirare
1580 2721 1780 2780 viperam
1797 2754 1809 2773 ,
1836 2736 1931 2765 non
1961 2717 2195 2777 exspirare.

361 2802 438 2861 EJ.
470 2802 659 2848 Mundus
685 2800 904 2859 invifibilis
940 2799 1091 2861 Upsal.
1111 2808 1247 2860 1767.
1268 2802 1348 2861 4.*
1390 2802 1483 2850 Sibi
1508 2802 1672 2848 tribuit
1704 2802 1936 2846 inventam
1958 2810 2164 2844 naturam
2191 2798 2286 2846 ani·

236 2863 399 2910 malem
424 2867 726 2912 coralliorum.
796 2865 973 2911 Deinde
997 2881 1051 2910 ex
1082 2866 1222 2911 literis
1246 2866 1346 2913 ILL.
1369 2864 1739 2914 MUNCHHAUSH
1765 2864 1908 2914 docet,
1937 2861 2104 2908 semina
2122 2861 2288 2923 fungo-

236 2930 339 2973 ru‘m
367 2926 446 2972 effe
475 2927 746 2974 insectorum
778 2945 887 2981 ova,
927 2930 968 2974 ἃ
999 2930 1169 2975 alterne
1196 2930 1245 2975 in
1272 2928 1438 2992 fungos
1461 2929 1608 2982 abire,
1643 2930 1781 2986 inque
1816 2925 2099 2974 animalcula.
2168 2926 2289 2974 Usti-

237 2990 434 3052 laginem
454 2993 635 3054 plenam
662 2990 742 3039 else
772 2990 997 3040 seminum
1031 3005 1110 3041 aut
1133 3009 1346 3042 ovorum.
2205 3021 2285 3082 Es·
