2531 3394
281 132 377 190 404
461 141 478 170 2
627 111 803 179 ‘rm
851 88 1945 216 inflammaresperime-eno.

545 251 547 253 ’
847 260 896 318 ’5.
939 258 1232 309 MLXXV.
1331 258 1489 306 David
1512 252 1819 313 HARTr-Ev.
1930 239 1953 248 ’“

413 363 522 409 Pius
553 360 710 414 horno,
738 373 794 407 ut
813 373 965 407 tamen
991 357 1144 403 onmia
1171 356 1226 403 ad
1250 355 1708 404 materiem-referret.
1775 357 1852 419 EJ.
1888 361 1958 404 De
1960 358 2105 419 senfin,
2131 370 2261 419 motus
2285 357 2344 415 ἐξ

280 427 483 475 idearum
505 430 780 489 generatione
826 422 1016 469 Bathon.
1047 427 1182 479 1746.
1216 420 1292 474 8.*
1331 424 1376 468 ,δι
1411 424 1545 481 longe
1581 421 1794 475 uberius,
1849 421 2148 480 Obfiervations
2167 420 2219 470 on
2245 442 2343 470 man

281 493 377 543 and
397 491 610 553 luis-frume
645 490 840 537 London
872 498 1005 545 1749.
1044 491 1086 538 8.
1127 485 1319 532 2.Vol.*
1386 486 1585 541 Gallice,
1623 486 1880 547 explication
1904 484 2106 547 phyfique
2129 487 2200 533 des
2217 481 2340 548 sens,

280 557 494 609 desidem,
529 552 587 610 ἓξ
599 555 669 601 des
681 568 958 603 mouvemens,
996 562 1191 596 vertente
1206 554 1301 595 ,Min
1321 549 1477 595 l‘Abhe‘
1493 551 1685 611 JU‘RAIN
1723 549 1911 596 Rheims
1935 563 2018 608 175
2032 563 2069 607 5.
2093 551 2248 599 2.Vol.‹
2267 563 2338 600 12.

282 622 559 672 Germanice
579 654 590 671 ,
626 616 861 663 nonnullis
887 614 1068 666 additis,
1094 613 1296 660 Rostock
1316 624 1448 671 1772.
1474 619 1515 667 8.
1585 616 1762 661 Omnes
1796 614 1958 660 animae
1992 612 2253 662 functiones
2287 633 2343 662 ex

284 684 384 732 solo
418 700 603 744 corpore
635 679 891 726 mechanice
923 679 1131 738 explicat.
1202 680 1445 738 Organum
1477 679 1739 737 proximum
1772 692 1925 725 motus
1959 681 2000 725 &
2023 676 2175 725 sensus
2203 678 2264 724 est
2292 681 2343 725 in-

282 750 487 801 cerebro,
513 750 553 792 Sc
575 747 623 791 in
640 744 839 790 medulla
863 741 1049 802 spinali,
1087 758 1187 802 quae
1218 754 1371 787 tamen
1395 741 1451 787 ad
1473 740 1773 788 sensationem
1796 759 1891 788 non
1917 745 2123 802 pertinet.
2190 746 2230 790 A
2248 759 2345 789 cor-

283 829 454 874 porum
479 827 561 856 nos
586 809 902 855 ambeuntium
924 805 1213 867 impressione
1244 807 1352 851 oriri
1378 806 1426 851 in
1456 807 1609 852 nervis
1635 805 1963 859 oscillationes‚
2000 824 2100 866 quae
2118 808 2357 867 .aliquam-,

285 878 368 923 diu
393 877 441 922 in
469 873 649 921 cerebro
673 870 942 932 supersunt:
980 887 1030 917 ea
1056 869 1273 916 oscillatio
1304 870 1364 916 est
1393 870 1447 916 ab
1477 869 1641 916 aethere
1657 904 1669 924 ,
1706 868 1910 930 sequitur
1935 874 2076 917 recTtas
2097 887 2345 918 nervorum

285 941 450 991 fibras,
488 940 566 997 qui
593 936 725 983 solidi
755 934 893 987 sunt3
940 952 1012 982 eas
1037 935 1131 992 agit
1159 937 1208 980 in
1241 932 1404 980 similes
1433 947 1677 986 tremores,
1709 937 1789 994 qui
1815 937 1867 980 in
1903 935 2147 981 medullam
2174 936 2346 982 cerebri

286 1004 620 1051 continuantur
638 1036 651 1054 ,
688 1017 765 1061 per
794 1016 891 1046 eam
918 997 961 1045 se
988 996 1285 1051 diffundunt,
1321 1000 1363 1044 Sc
1387 1000 1604 1056 paulatim
1634 996 1926 1044 debilescunt.
1996 1001 2051 1045 In
2087 999 2158 1046 his
2194 1000 2345 1046 vibra-

286 1068 495 1115 tionibus
517 1064 773 1111 discrimina
798 1062 931 1116 sunt,
967 1080 992 1109 a
1024 1063 1222 1115 viribus,
1265 1063 1518 1115 celeritate,
1554 1061 1653 1108 sede
1678 1063 1872 1115 cerebri,
1909 1062 2049 1109 ductu
2086 1062 2212 1110 fibrae
2243 1080 2345 1110 ner-

278 1149 397 1193 ,γε-33.
466 1128 728 1176 Dolorificae
768 1126 1068 1174 oscillationes
1104 1143 1274 1173 novam
1310 1127 1359 1172 in
1396 1143 1560 1173 ncrvea
1587 1125 1700 1172 fibra
1736 1126 2120 1174 constructionem
2149 1126 2338 1174 faciunt.

288 1198 486 1244 Somnus
519 1193 580 1240 est
604 1211 628 1239 a
660 1206 840 1239 retento
866 1192 995 1248 venis
1017 1191 1199 1251 repletis
1232 1190 1465 1252 sanguine.
1547 1191 1664 1237 Idea:
1688 1189 1795 1237 sunt
1825 1189 2168 1250 impreffionum
2194 1190 2344 1237 senso-

286 1262 457 1307 riarum
482 1259 775 1318 repetitarum
801 1256 1008 1315 vestigia,
1048 1257 1089 1301 &
1115 1255 1323 1315 aptitudo
1356 1255 1410 1300 ad
1433 1253 1736 1301 oscillationes
1770 1256 2142 1316 primigeniarum
2175 1254 2344 1302 oscilla-

287 1326 470 1371 tionum
502 1321 691 1374 ssmiles,
730 1321 839 1367 dum
868 1319 1173 1366 oscillationes
1199 1319 1370 1366 tardius
1409 1320 1451 1365 8<
1483 1318 1657 1365 tardius
1685 1317 1983 1372 evanescunt,
2027 1320 2085 1366 ob
2112 1320 2344 1380 repetitio-

286 1405 419 1441 nem,
453 1390 494 1433 Sc
520 1385 756 1433 cerebrum
777 1387 973 1444 primum
994 1384 1167 1430 tardius
1194 1383 1248 1430 ad
1269 1383 1431 1430 statum
1460 1385 1710 1429 naturalem
1737 1383 1879 1436 redit,
1920 1386 1961 1429 &
1995 1385 2192 1444 denique
2224 1401 2348 1430 nun-

289 1468 441 1512 quam.
509 1452 693 1497 Nexum
719 1449 928 1495 idearum
956 1451 1148 1508 explicat
1174 1465 1250 1508 per
1273 1448 1576 1494 mutationem
1601 1449 1739 1507 partis
1762 1448 1930 1493 cerebri
1961 1464 1985 1493 a
2018 1444 2238 1508 proximis
2273 1449 2343 1494 vi-

286 1516 576 1564 brationibus
587 1513 766 1567 saetam,
794 1530 849 1558 ex
867 1530 958 1572 quo
978 1511 1046 1565 fit,
1073 1525 1125 1558 ut
1139 1513 1192 1558 ab
1216 1513 1311 1572 ejus
1326 1513 1463 1572 partis
1489 1511 1605 1557 statu
1631 1513 1781 1571 aliqua
1804 1510 1896 1571 ipsa
1917 1512 2118 1572 adoptet,
2154 1513 2194 1558 ἃ
2213 1510 2343 1559 facile

288 1581 387 1641 ejus
419 1576 722 1626 oscillationes
762 1577 1005 1630 admittat,
1054 1577 1159 1623 alias
1195 1574 1454 1622 difficulter.
1548 1574 1889 1622 Adsociationes
1928 1576 2132 1622 idearum
2159 1574 2282 1623 fiunt
2316 1593 2342 1622 a

291 1645 606 1705 complexione
632 1643 835 1689 idearum
865 1657 1202 1694 connexarum,
1241 1657 1434 1700 quarum
1462 1641 1557 1687 aliae
1588 1641 1694 1686 alias
1726 1640 1774 1685 in
1803 1656 1926 1699 pares
1956 1638 2257 1686 osciilationes
2283 1641 2342 1687 ci-

288 1721 410 1755 eant.
500 1708 608 1754 Ideo
651 1708 894 1765 complexce
933 1706 1041 1751 ideae
1070 1703 1182 1765 saepe
1216 1703 1450 1751 adsociatae
1481 1704 1664 1749 tandem
1699 1705 1892 1763 reliquas
1925 1721 2082 1751 omnes
2113 1702 2340 1764 superant.

290 1774 572 1831 Complexus
590 1772 797 1817 videarum
823 1768 1123 1815 sensoriarum
1149 1785 1251 1815 cum
1282 1769 1489 1815 motoriis
1509 1803 1520 1821 ,
1560 1781 1613 1814 ut
1634 1784 1767 1827 porro
1795 1766 2068 1815 sensationes
2099 1781 2251 1814 motus
2274 1785 2342 1815 ae-

290 1835 463 1884 cefforii
486 1835 756 1895 sequantur,
791 1835 998 1893 exemplo
1031 1833 1386 1879 sternutationis.
1459 1833 1634 1892 Opium
1668 1830 1880 1877 somnum
1912 1830 2057 1879 facere
2087 1845 2232 1894 gratas
2268 1849 2345 1878 ex-

289 1901 471 1948 citando
504 1899 833 1951 oscillationes,
868 1915 968 1958 quae
995 1898 1049 1943 ad
1077 1899 1309 1944 cerebrum
1333 1895 1639 1949 adscendunt,
1675 1898 1715 1942 8<
1746 1896 1941 1956 reliquas
1963 1897 2241 1943 vibrationes
2264 1913 2342 1957 op-

288 1966 521 2026 primunt,
558 1966 621 2010 ita
648 1965 847 2023 quietem
874 1962 1191 2008 introducunt.
1259 1963 1419 2008 Motus
1445 1961 1592 2007 cordis
1617 1976 1858 2020 perpetuus
1885 1977 1909 2006 a
1941 1961 2224 2020 plenitudine
2244 1958 2342 2006 san-

289 2030 467 2091 guinis,
502 2026 701 2088 impulsu
725 2025 957 2086 sanguinis
984 2027 1033 2071 in
1058 2024 1161 2072 vasa
1183 2027 1446 2077 coronaria,
1483 2038 1701 2085 perpetuo
1732 2024 2043 2071 vibrationum
2072 2025 2120 2070 111
2146 2041 2223 2070 cor
2249 2022 2342 2070 des-

291 2091 441 2140 censu.
509 2094 573 2139 Ut
603 2092 744 2137 animi
773 2089 972 2136 adfecffns
1004 2090 1263 2136 mechanico
1284 2102 1544 2149 operentur.
1617 2086 1759 2134 Causa
1782 2088 1935 2148 primae
1962 2086 2271 2148 respirationis
2299 2089 2341 2134 &

287 2157 586 2220 plorationis,
623 2173 721 2216 quae
748 2155 902 2201 onmia
924 2153 1182 2200 mechanice
1205 2156 1245 2200 Sc
1269 2152 1433 2213 absque
1460 2152 1551 2199 fine
1572 2150 1673 2198 fieri
1701 2164 1844 2212 putat.
1913 2153 2076 2199 Multae
2097 2151 2170 2198 hic
2198 2151 2343 2211 hypo-

289 2219 452 2273 theses,
492 2223 531 2267 3<
549 2220 729 2266 demum
746 2220 923 2266 libertas
940 2217 997 2264 ab
1025 2219 1278 2264 aditionibus
1294 2217 1507 2264 humanis
1521 2217 1725 2276 undique
1738 2227 1925 2262 remota.
1997 2216 2153 2263 Gratia
2173 2213 2342 2276 saporis

289 2284 378 2338 est,
416 2285 471 2330 ab
497 2285 704 2344 analogia
731 2281 1070 2329 oscillationum
1103 2283 1152 2327 in
1165 2299 1352 2342 corpore
1367 2280 1538 2341 sapido,
1582 2296 1738 2326 earum
1762 2280 1965 2333 roboris,
2005 2282 2045 2326 ὅ(
2078 2278 2344 2340 frequentiae

289 2365 399 2399 cum
424 2348 757 2395 vibrationibus
777 2347 977 2406 corporis
996 2345 1151 2392 nostri.
1218 2347 1345 2393 T.11.
1372 2347 1527 2405 potius
1552 2344 1607 2390 ad
1622 2343 1766 2390 ethica
1786 2345 1828 2390 &
1855 2342 2112 2405 theologica
2130 2346 2342 2404 pertinet.

409 2430 572 2491 Nuper
597 2445 702 2476 cum
719 2428 958 2475 nonnullis
982 2428 1104 2474 notis
1121 2428 1280 2474 recudi
1305 2426 1411 2474 fecit
1426 2429 1466 2489 J.
1485 2427 1761 2473 PRIESTLEY
1797 2426 1944 2473 Lond.
1965 2439 2099 2486 1774.
2119 2433 2161 2481 8.
2187 2426 2343 2474 2.V01.

769 2558 813 2616 ἕ.
851 2558 1172 2606 MLXXVI.
1276 2556 1474 2619 Christlob
1505 2558 1705 2604 MYLIUS
1739 2554 1836 2612 &a

423 2660 510 2707 Rei
535 2659 733 2705 naturali
764 2659 804 2703 &
833 2653 952 2716 poesi
975 2655 1203 2708 addidius,
1241 2656 1391 2715 aliqua
1416 2653 1552 2699 habet
1578 2665 1729 2700 tamen
1754 2652 1843 2700 huc
1868 2651 2154 2714 pertinentia.
2222 2650 2344 2711 EJUS
2381 2682 2384 2685 ᾗ

290 2723 614 2784 Sendschreihen
635 2739 721 2769 von
745 2721 824 2768 den
850 2724 1054 2767 Saamen-
1077 2717 1306 2765 Tliierchen
1340 2718 1577 2778 Hamburg
1601 2725 1735 2776 1746.
1759 2718 1835 2775 4*

418 2808 493 2868 EJ.
528 2796 826 2865 Physicalische
858 2802 1168 2862 Belustigungen
1198 2801 1251 2846 T.
1269 2801 1302 2846 I.
1342 2801 1492 2846 Berlin
1514 2810 1634 2857 1752
1675 2797 1753 2851 8.*
1819 2797 1889 2844 Ad
1914 2812 1998 2842 nos
2023 2794 2128 2842 facit
2160 2796 2343 2845 libellus

292 2876 355 2920 H.
381 2870 432 2916 tle
458 2873 767 2917 RUUYSCHER
796 2866 849 2912 de
870 2865 1139 2916 coccinella‚
1172 2880 1280 2909 vero
1315 2865 1538 2909 animale:
1583 2867 1704 2908 Petri
1730 2863 1980 2908 LYONNET
2021 2877 2101 2919 pro
2134 2860 2344 2920 embryo-

294 2936 367 2981 nis
396 2934 446 2979 in
470 2950 558 2979 ovo
594 2931 895 2978 delineatione
914 2963 926 2983 ‚
972 2930 1014 2975 ἃ
1038 2929 1197 2974 MYLll
1226 2943 1308 2986 pro
1338 2926 1561 2973 sententia
1594 2925 1711 2972 hanc
1738 2925 1857 2970 inter
1881 2925 1921 2969 ἃ
1952 2924 2344 2973 LEEUWENHOE-

295 3011 505 3048 ffiANAM
531 2997 691 3045 media.
760 2996 831 3043 De
858 3010 939 3042 ave
962 2991 1184 3054 hybridea
1213 3007 1267 3038 ex
1292 2992 1409 3055 gallo
1441 2989 1699 3039 Calecutico
1723 2990 1764 3035 ἃ
1791 2999 1920 3034 anate
1949 2999 2071 3037 nata.
2287 3053 2312 3101 I

2314 3068 2346 3100 n
