2531 3394
233 144 353 206 ‘406
601 178 605 182 f
655 147 794 195 LIB.
842 145 971 194 1Χ.’
1007 140 1421 193 ANATOMES
1477 139 1921 192 PERFECTIO.

257 262 505 312 ranunculi
523 262 712 312 arborei
738 280 817 326 per
840 261 1014 311 saccum
1044 261 1162 307 edita
1179 294 1206 318 ,⁴
1229 259 1360 320 cujus
1391 257 1492 305 duae
1531 257 1730 320 angustae
1757 258 1882 305 rimae
1914 258 2035 308 sunt.
2124 261 2231 309 Ova
2259 278 2328 309 ra-

258 345 425 394 narum
448 345 472 375 a
492 344 614 376 mare
632 345 728 376 non
755 327 997 375 fecundata
1013 337 1217 386 pereunt.
1275 323 1496 370 Evolutio
1512 324 1691 370 arborei
1707 326 1969 378 ranunculi,
2004 327 2327 373 branchiarum

257 391 433 455 lapsus,
474 404 657 441 artuum
683 394 893 443 initium,
932 388 1113 437 viscera.
1183 390 1410 441 Sceletos:
1449 405 1527 449 per
1554 404 1724 449 penem.
1741 387 1910 434 inflatae
1938 388 2156 438 vesiculae.
2242 392 2327 438 Vis

260 459 541 506 contractius
568 459 827 506 ventriculi.
894 455 950 502 In
975 453 1150 501 bufone
1169 454 1379 501 aurantio
1402 451 1554 500 semen
1574 453 1741 513 pariter
1764 453 1813 498 in
1838 469 1926 499 ova
1948 452 2184 514 spargitur.
2243 456 2327 503 Gi-

259 523 352 570 rini
383 540 461 584 per
491 522 647 585 stigma
674 520 894 581 respirant
925 517 1090 579 absque
1120 516 1366 565 branchiis.
1447 516 1654 570 Viscera,
1692 515 1899 564 veficulae
1930 516 2193 572 seminales,
2230 522 2330 581 pul.

256 604 334 636 mo
349 587 568 637 inflatilis.
635 584 825 633 Bufonis
844 582 1069 632 Verrucosi
1091 583 1276 636 canalis,
1304 598 1384 643 per
1400 598 1536 642 quem
1551 597 1797 635 venenum,
1820 582 1944 642 quod
1960 594 2162 643 putatur,
2181 581 2324 632 sudat.

820 712 866 772 ς.
906 714 1174 779 MLXX1.
1273 718 1320 769 J.
1351 715 1512 775 August
1535 714 1718 761 UNZER
1738 747 1751 766 ‚

384 814 601 865 Professor
631 811 878 862 Medicinae
898 809 1197 860 Rintelienfis
1218 845 1230 865 ,
1254 811 1325 858 vir
1347 810 1472 857 acuti
1491 811 1667 872 ingenii
1688 828 1698 856 :
1736 810 1856 872 EJUS
1884 811 1945 858 est
1970 828 2074 858 neue
2091 810 2226 860 [εἰη-ε
2241 829 2328 861 von

257 883 339 932 den
365 879 841 941 Gemiithshewegungen
875 879 997 924 Hall.
1021 882 1157 936 1746.
1184 880 1257 930 8.*
1291 877 1669 936 Temperamenta
1694 872 1792 921 fieri
1811 893 1835 922 a
1858 877 2010 923 nervis
2031 879 2156 924 vario
2183 878 2327 939 gradu

257 945 408 999 tensis,
442 945 670 997 celeriter,
707 960 811 990 cum
836 942 1025 995 robore,
1063 952 1144 988 aut
1166 957 1271 988 cum
1298 940 1563 993 debilitate3
1614 950 1667 986 ut
1688 940 1809 986 lente
1835 940 2003 1001 pariter
2030 957 2133 988 cum
2160 942 2329 989 robore

258 1023 337 1058 aut
359 1027 461 1057 cum
490 1010 722 1056 debilitate
747 1020 938 1054 tremere
963 1003 1147 1068 poffint.
1215 1006 1284 1052 Ex
1310 1004 1381 1052 his
1414 1004 1583 1059 causis,
1617 1020 1765 1064 neque
1791 1021 1846 1051 ex
1869 1003 2118 1052 humorum
2150 1007 2324 1060 indole,

256 1075 380 1122 nasci
403 1086 770 1135 temperamenta.

392 1160 434 1205 S.
462 1157 512 1202 C.
539 1156 580 1216 J.
603 1157 645 1202 S.
681 1152 909 1203 Gadanken
932 1169 1031 1200 vom
1056 1150 1225 1213 Schlafe
1255 1151 1346 1199 und
1374 1151 1457 1198 den·
1486 1155 1725 1204 Triarium,
1761 1150 1878 1210 finnt
1911 1155 2041 1197 einem
2071 1148 2324 1206 Schreiben,

258 1222 352 1285 dass
376 1239 474 1268 man
503 1218 606 1267 ohne
626 1218 916 1281 Kopsdenken
943 1217 1076 1264 kenne
1111 1218 1232 1263 Hall.
1256 1224 1388 1274 1746.
1417 1224 1458 1270 8.
1530 1217 1585 1261 ln
1610 1214 1770 1261 somno
1806 1213 2001 1274 perfecto
2026 1215 2144 1262 nihil
2162 1217 2325 1262 animae

257 1284 594 1348 repraesentari,
632 1282 860 1331 insomnia
884 1299 939 1329 ex
966 1280 1130 1328 somno
1156 1283 1198 1327 ἃ
1219 1282 1386 1342 vigiliis
1410 1279 1539 1326 mista
1561 1278 1656 1326 effe.
1726 1277 1907 1339 Absque
1934 1282 2078 1340 capite
2100 1283 2140 1327 &
2160 1298 2184 1328 a
2204 1297 2326 1327 mor-

258 1364 304 1399 te
327 1350 506 1404 sentiri‚
544 1365 648 1396 cum
671 1349 722 1396 in
742 1364 884 1396 nervo
907 1363 932 1394 a
954 1348 1098 1408 capite
1114 1344 1334 1406 separato,
1367 1348 1408 1393 &
1432 1356 1615 1391 amorte
1641 1344 1874 1397 animalis,
1908 1344 2102 1392 irritatio
2131 1345 2326 1392 con'vul-

257 1415 428 1464 fionem
462 1415 698 1476 producat.

389 1499 462 1558 EJ.
506 1501 594 1547 Von
618 1497 714 1543 dem
740 1493 934 1559 Einfluffi?
962 1494 1041 1541 der
1070 1492 1186 1541 Seele
1217 1496 1261 1539 in
1286 1490 1367 1538 den
1385 1495 1552 1556 Karper
1593 1491 1717 1537 Hall.
1740 1496 1876 1549 1746.
1908 1488 1988 1544 8.*
2055 1490 2142 1537 Pro
2168 1491 2325 1539 STAH-

260 1577 416 1613 LIANA
446 1560 686 1623 hypothesi
711 1563 753 1608 &
787 1560 969 1608 influxu
997 1557 1197 1620 phyfico.

387 1647 463 1706 EJ.
508 1649 608 1693 Vom
631 1643 810 1706 Seufzen
844 1644 962 1690 Hall.
991 1654 1127 1701 1747.
1152 1639 1232 1695 8.*
1300 1641 1492 1702 Elegans
1521 1635 1806 1699 opusculum.
1862 1635 2059 1698 Suspiria
2082 1653 2137 1684 ex
2161 1653 2324 1697 corpo-

258 1711 320 1758 ris
348 1708 604 1757 adfectione
635 1721 767 1762 nata,
806 1709 848 1754 &
881 1724 936 1754 ex
956 1708 1133 1754 animae.
1203 1705 1484 1765 Sanguinem
1518 1719 1595 1763 per
1623 1703 1890 1762 pulmonem
1919 1703 2085 1748 lentius
2121 1702 2322 1755 moveri,

258 1775 368 1822 hinc
412 1775 643 1835 coagulari
688 1774 730 1819 ὃς
782 1770 1051 1833 refrigerari.
1161 1768 1356 1830 Suspirii'
1386 1767 1572 1828 scopum
1612 1764 1724 1813 effe,
1777 1778 1831 1812 ut
1865 1763 2045 1827 sanguis
2081 1762 2326 1825 refrigere,-

256 1852 357 1893 tur‚
406 1841 448 1887 &
475 1838 758 1886 retardetur:
806 1835 1124 1884 oscitationem
1149 1835 1205 1881 ad
1236 1833 1502 1895 sanguinem
1541 1833 1660 1878 lente
1689 1842 1869 1876 motum
1896 1829 2237 1877 accelerandum
2260 1827 2325 1876 fa-

259 1921 357 1952 cere
370 1939 383 1959 ,
422 1906 502 1951 ἃς.

385 1988 461 2048 EJ.
500 1990 568 2033 De
582 1987 895 2047 sternutatione
925 1983 1045 2030 Hall.
1070 1987 1206 2040 1748.
1244 1993 1290 2040 4.

389 2069 566 2129 EJUSD.
607 2064 932 2128 Philosophische
963 2061 1300 2123 Eetrczchtungen
1325 2060 1431 2108 iiber
1455 2060 1537 2107 den
1570 2056 1869 2120 menfihlichen
1889 2063 2054 2121 Ko'rper
2079 2057 2324 2121 iiberhaupt

259 2134 380 2182 Hall.
405 2146 538 2191 1750.
569 2132 645 2185 8.*
695 2129 981 2191 Phyliologia
1007 2131 1169 2189 partim
1196 2125 1402 2188 physica,
1439 2125 1604 2186 partim
1625 2125 1824 2177 medica,
1863 2123 1917 2169 de
1944 2140 2131 2184 corpore
2151 2124 2202 2171 in
2221 2124 2332 2170 uni-⁴

258 2196 439 2246 versum
467 2199 508 2244 &
535 2198 631 2258 ejus
656 2196 848 2242 viribus.
917 2194 1086 2242 Nervis
1113 2190 1262 2238 adhuc
1283 2189 1418 2237 tensis
1439 2189 1576 2236 fidem
1602 2188 1799 2235 adhibet.

388 2280 510 2340 EJUS
541 2279 786 2339 Sammlzmg
813 2275 975 2323 kleiuer
1001 2272 1217 2336 Schriften
1248 2273 1440 2320 Rinteln
1468 2278 1601 2330 1766.
1628 2278 1668 2325 8.
1703 2267 1896 2318 2.Vol.*
1962 2270 2032 2315 De
2063 2285 2229 2316 venere
2259 2271 2326 2316 lu-

259 2345 470 2397 ciorum‚
507 2359 606 2403 quae
631 2341 765 2388 frictu
794 2339 1056 2387 absolvitur.
1127 2339 1325 2385 Nullum
1360 2336 1456 2383 dari
1486 2337 1534 2382 in
1562 2351 1750 2396 corpore
1777 2348 1982 2387 motum,
2015 2335 2128 2394 quin
2161 2334 2325 2380 animae

260 2407 449 2457 obscura
477 2408 585 2454 inde
621 2407 846 2467 perceptio
883 2401 1163 2450 obversetur.
1232 2403 1394 2449 Motus
1414 2402 1464 2447 in
1493 2416 1679 2460 corpore
1705 2397 1760 2444 ad
1791 2399 1953 2445 animae
1985 2396 2109 2444 sensa
2132 2397 2174 2444 se
2199 2414 2325 2444 acco-

258 2474 469 2526 modare,
507 2472 659 2517 nullos
686 2482 838 2516 tamen
871 2479 1071 2514 remotos
1098 2466 1260 2512 animae
1291 2464 1406 2512 fines
1438 2463 1534 2511 effe.
1604 2465 1674 2510 De
1700 2464 1870 2524 polypo
1895 2463 1976 2508 illo
2001 2461 2212 2509 colloffali
2230 2460 2324 2521 sep-

258 2537 520 2589 tentrionis,
551 2537 631 2595 qui
651 2535 833 2581 Kraken
856 2532 1038 2578 dicitur.
1107 2532 1179 2576 De
1205 2527 1526 2589 scolopendra,
1563 2528 1694 2589 cujUs
1725 2526 1913 2573 dissectae
1940 2539 2132 2587 utraque
2158 2525 2323 2572 medie-

258 2614 327 2649 tas
354 2599 483 2648 vixit.
530 2600 622 2645 *De
648 2595 884 2650 forficula,
921 2596 1051 2656 cujus
1085 2611 1185 2656 pars
1218 2595 1420 2641 anterior
1443 2592 1735 2655 posteriorem
1757 2591 2019 2644 devoravit,
2065 2588 2123 2636 fic
2157 2587 2320 2637 Hamb.

258 2670 443 2728 Magaz.
472 2666 528 2712 T.
546 2663 653 2711 XII.

391 2748 508 2809 EJUS
544 2743 776 2806 Grundriss
787 2747 895 2790 eines
908 2739 1227 2804 Lehrgebiz'udes
1252 2740 1360 2788 iiber
1381 2740 1449 2787 die
1475 2737 1753 2787 Sinnlichkeit
1777 2736 1849 2783 des
1870 2732 2115 2795 thierifihen
2141 2738 2323 2794 Ko'rpers

258 2812 450 2861 Rinteln
479 2817 610 2869 1768.
644 2809 722 2863 8.*
788 2810 901 2855 Non
933 2805 1015 2853 effe
1033 2803 1324 2851 necessarium
1352 2821 1521 2851 nexum
1547 2807 1667 2850 inter
1690 2799 1871 2848 sensum
1894 2815 2140 2845 nervorum
2165 2800 2204 2844 ὅ(
2226 2798 2323 2844 ani-

258 2892 344 2923 mae
370 2873 828 2935 repraesentationem.
897 2871 1045 2918 Nervi
1064 2866 1241 2914 sensum
1264 2885 1384 2914 mere
1409 2883 1679 2928 corporeum
1698 2863 1806 2911 effe:
1831 2879 2004 2922 nempe
2029 2862 2082 2909 de
2103 2860 2237 2908 sensu·
2257 2864 2322 2908 lo-

194 2941 202 2944 *
260 2939 419 2999 quitur
436 2972 447 2991 ,
482 2940 562 2998 qui
579 2939 628 2984 in
651 2953 794 2984 nervo
818 2936 954 2982 etiam
983 2930 1140 2981 avulso
1174 2933 1215 2978 &
1250 2931 1304 2977 de
1329 2948 1517 2992 corpore
1544 2929 1745 2991 separato
1773 2929 1925 2974 locum
1946 2925 2098 2974 habet.
2168 2930 2206 2972 A
2224 2923 2324 2971 sen-

258 3003 311 3052 su
338 3019 583 3053 nervorum
606 3003 656 3051 in
673 2999 889 3051 musculis
904 3010 1084 3048 motum
1101 2995 1239 3044 oriri:
1270 3012 1363 3057 quo
1386 2996 1622 3058 pertinent
1641 2992 1789 3042 cordis
1814 3002 1968 3040 motus
1996 2993 2038 3040 ἃ
2065 2988 2320 3051 respiratio.

2107 3054 2323 3105 Animam
