2531 3394
537 107 843 192 §.'11{0—
884 144 1022 181 ειη.
1087 134 1278 182 th.
1318 96 1666 182 bonni.
1734 136 1906 186 Aru.
2157 150 2252 199 457

706 229 752 287 §-
793 229 1038 279 MCXIL
1138 230 1372 280 Vitalianus
1391 231 1604 280 Domi-1
1638 230 1734 287 &a

334 329 415 376 Vit.
435 327 680 380 DONATI,
710 326 928 374 Professor
952 325 1271 378 Taurinensis‚
1303 327 1353 372 in
1387 327 1626 373 Orientem
1661 344 1686 374 a
1706 329 1830 389 Rege
1856 330 2073 377 Sardiniae
2099 330 2250 379 miffus

200 389 298 452 post
327 391 448 438 varia
479 389 733 438 infortunia
767 393 815 438 in
859 392 971 436 mari
997 390 1138 437 rubro
1169 390 1308 441 obiit,
1346 390 1534 450 ejusque
1559 389 1757 438 thesauri
1788 393 2062 440 interierunt
2081 429 2093 447 ,
2132 412 2248 454 quos

198 456 249 501 in
279 454 472 502 Oriente
509 456 762 515 collegerat.
833 455 987 500 Edidit
1016 453 1226 499 Venetiis
1261 466 1392 512 1750,
1423 461 1501 511 4*
1548 458 1695 502 Storia
1722 456 1925 502 naturale
1950 462 2119 503 marina
2153 459 2249 504 dell'

197 518 444 565 Adriatico.
515 519 619 564 Huc
643 516 840 569 faciunt,
875 534 974 576 quat
1001 517 1056 562 de
1084 516 1325 576 zoophytis
1355 517 1565 571 invenit,
1598 518 1907 579 microscopiis
1933 521 2062 565 valde
2084 536 2248 580 augen-

201 582 324 628 tibus
374 580 495 628 usus.
598 581 901 627 Coralliorum
950 580 1120 626 clafleni
1161 582 1242 625 este
1285 582 1558 640 polyporum
1596 583 1746 628 nidos.
1843 583 2066 642 Folypum
2101 584 2253 643 ovipa-

197 661 298 692 ru0m
328 643 563 697 describit,
600 644 729 704 cujus
755 660 842 689 ova
868 660 947 703 pro
970 645 1078 689 laste
1109 642 1196 690 fint
1222 642 1401 695 habita3
1448 646 1545 704 ejus
1570 647 1728 692 cellula
1758 644 1975 698 durescit,
2012 646 2118 693 dum
2152 648 2249 692 ani-

197 711 286 754 mal
315 709 591 755 incrementa
617 708 748 766 capit.
842 708 897 753 In
923 707 1187 766 madrepora
1224 708 1347 753 aliud
1375 724 1516 767 genus
1547 711 1703 769 polypi
1736 713 1837 756 octo
1866 708 2060 755 brachiis
2085 709 2250 756 instru-

199 775 345 824 ἂυῐη,
378 771 563 817 habitat.
633 771 687 816 In
725 770 960 829 myriozoo
999 771 1324 816 animalculum
1363 770 1672 830 proboscidem
1715 789 1792 832 per
1827 788 1955 818 urnae
1986 771 2076 819 suae
2121 790 2250 832 oper-

197 838 349 882 culum
377 834 606 894 propellit,
644 835 684 879 &
711 834 903 893 propriis
935 833 1148 880 musculis
1175 833 1379 880 reducit:
1421 835 1467 880 id
1498 838 1760 895 operculum
1792 835 2027 882 manifesto
2046 853 2170 896 *opus
2188 837 2250 883 est

199 900 293 956 ejus
320 897 592 944 animalculi.
685 898 753 943 Ita
780 900 820 943 &z
848 899 1106 956 alcyonium
1133 914 1156 943 a
1181 899 1359 957 polypis
1388 897 1621 944 habitatur
1647 934 1659 952 ‚
1697 902 1737 945 δε
1762 899 1968 959 tethyum
1994 898 2124 946 suum
2147 917 2249 960 pro-

199 963 344 1022 prium
370 960 507 1006 habet
539 957 786 1020 hospitem,
835 963 913 1020 qui
947 960 1096 1006 radios
1125 961 1291 1006 emittit
1327 978 1490 1008 curvos
1525 964 1835 1022 mobilesque,
1883 965 1924 1009 ἃ
1957 962 2093 1009 fibras
2131 962 2248 1010 mus-

197 1023 366 1071 culosas
393 1023 630 1070 tubercula
660 1023 912 1084 superficiei
936 1025 1268 1083 conjungentes
1290 1042 1300 1068 ε
1340 1025 1460 1070 idem
1479 1027 1644 1084 agitare
1669 1024 1712 1071 se
1729 1026 1871 1085 potest
1890 1029 1932 1073 &
1956 1029 2245 1075 convolvere.

193 1089 304 1135 Non
337 1086 521 1140 desunt,
560 1088 641 1147 qui
664 1089 718 1132 de
740 1088 930 1133 veritate
961 1089 1290 1133 nonnullarum
1313 1089 1669 1135 adnotationum
1698 1090 1927 1136 dubitent.

318 1170 512 1216 Nullum
541 1184 713 1214 annum
741 1168 914 1228 reperio
944 1167 1190 1228 expressum
1224 1171 1272 1214 in
1296 1170 1448 1216 libello
1481 1170 1550 1216 Cl.
1584 1172 1802 1229 Franczsci
1825 1173 1988 1219 SERAO
2020 1171 2073 1218 de
2094 1185 2246 1221 taran-

192 1232 301 1285 tula,
334 1248 460 1278 eve-ro
483 1231 684 1292 falangio
723 1232 769 1277 di
789 1233 943 1293 puglia
980 1230 1247 1292 Napoli4.*
1276 1231 1453 1279 excuso.
1526 1232 1638 1280 Fusa
1678 1233 1917 1294 descriptio
1952 1237 2244 1290 animalculi3

191 1297 313 1342 oculi
338 1298 466 1348 od‘to,
499 1297 692 1342 maxillae
718 1295 820 1341 duae
843 1296 1062 1347 dentatae,
1089 1312 1261 1342 cornua
1283 1297 1375 1343 duo
1400 1296 1630 1344 duriffima
1650 1296 1814 1359 absque
1842 1296 2085 1360 conspicuo
2112 1317 2243 1362 poro,

189 1359 418 1406 cerebrum
450 1375 664 1419 magnum
682 1394 693 1413 ,
728 1357 1082 1406 numerosiffima
1109 1376 1209 1407 ova.

317 1444 364 1495 J.
395 1440 564 1488 Gottloh
585 1442 844 1488 LEHMANN
871 1438 1161 1502 Abhcmdlung
1183 1458 1268 1488 von
1286 1439 1526 1504 phosphori}
1560 1441 1764 1490 Dresden
1784 1456 1919 1503 1750.
1952 1446 2029 1502 4,*
2052 1442 2243 1494 celebris

189 1505 446 1565 metallurgi
465 1521 594 1565 opus.
656 1505 692 1550 E
694 1519 732 1565 J.
764 1520 952 1551 arcanus
968 1505 1118 1565 pulvis
1137 1505 1357 1560 detectus,
1377 1524 1470 1567 quo
1489 1508 1682 1568 putredo
1695 1508 1749 1554 ab
1767 1509 2037 1556 animalibus
2065 1522 2245 1557 arcetur

187 1568 346 1614 Hamh.
375 1573 554 1630 Magaz.
586 1569 669 1615 XI.

320 1653 457 1711 Georg
489 1648 689 1697 Wilhelm
726 1650 926 1703 KRAFT‚
973 1648 1230 1698 Profefforis
1264 1651 1595 1714 Tubingenfis,
1639 1655 1917 1714 praelefii‘iones
1956 1659 1999 1702 in
2029 1653 2245 1717 phyficam

188 1711 457 1760 theoreticam
484 1714 683 1774 Tubing.
711 1727 840 1772 1750
867 1717 942 1766 3.*
1008 1715 1236 1762 Humores
1263 1717 1478 1763 animales
1500 1718 1549 1763 in
1570 1718 1673 1763 vasa
1700 1720 1923 1777 capillaria
1947 1719 2241 1773 adscendere,

184 1778 313 1822 nulla
340 1793 395 1822 ex
415 1778 526 1837 lege,
561 1794 662 1837 quae
682 1778 958 1837 ponderibus
972 1780 1327 1838 proportionalis
1349 1779 1415 1827 sit.
1485 1783 1557 1827 De
1581 1783 1727 1828 calore
1749 1783 1932 1829 animali
1952 1801 1964 1827 ε
2000 1784 2134 1830 etiam
2155 1782 2244 1844 pis-

187 1840 307 1886 cium
328 1838 594 1900 sanguinem
630 1843 785 1887 calere.

319 1920 481 1969 Thomce
504 1923 683 1969 SHORT
701 1956 713 1976 ‚
749 1922 946 1975 Medici,
974 1939 1066 1969 new
1093 1922 1383 1983 observatiam
1410 1943 1462 1973 on
1489 1931 1574 1986 city
1600 1938 1719 1974 town·
1742 1927 1833 1974 and
1857 1940 2036 1988 country
2072 1928 2162 1975 bills
2197 1929 2252 1990 of

186 1987 411 2045 mortality
462 1986 657 2032 London
692 1999 824 2043 1750.
863 1987 941 2040 8.*
1012 1986 1130 2033 Fasti
1173 1991 1345 2035 natales
1383 1992 1425 2036 &
1466 1994 1735 2037 emortuales
1772 2009 1826 2037 ex
1867 1992 2091 2052 parochiis
2133 2000 2238 2040 160.

186 2052 305 2105 Qae
329 2051 427 2096 loca
450 2048 665 2102 salubria,
703 2066 803 2109 quie
826 2048 1064 2096 funeribus
1092 2051 1292 2099 obnoxia
1312 2052 1420 2105 sint,
1455 2055 1578 2113 quod
1605 2056 1768 2100 vitium
1791 2055 1851 2101 est
1876 2058 2118 2104 comitatus
2136 2057 2237 2117 Ely.

183 2113 343 2159 Partus
374 2111 705 2173 frequentiores
731 2115 778 2159 in
803 2114 912 2160 locis
936 2113 1222 2161 salubribus:
1266 2115 1452 2163 masculi
1489 2119 1659 2177 ubique
1699 2119 2028 2167 numerosiores
2057 2122 2242 2181 pariun-

185 2188 278 2222 tur.
345 2177 414 2222 Ex
444 2189 626 2223 centum
657 2178 808 2237 pueris
845 2178 1046 2223 Londini
1076 2185 1150 2225 61,
1185 2191 1290 2225 ante
1322 2179 1519 2240 elapsum
1553 2184 1744 2228 alterum
1780 2199 1952 2229 annum
1985 2185 2236 2230 intereunt.

182 2239 380 2286 Feminae
410 2241 657 2286 vivaciores
688 2239 809 2288 sunt,
878 2243 1054 2288 Mortes
1075 2241 1124 2287 in
1144 2244 1254 2289 locis
1280 2260 1437 2304 parum
1462 2243 1716 2293 salubribus
1740 2247 1795 2292 ad
1816 2248 1946 2295 vivos
1976 2246 2086 2295 sunt
2119 2263 2154 2295 ι.
2182 2249 2240 2294 ad

181 2309 258 2357 28.
288 2303 339 2349 in
357 2304 467 2350 locis
491 2302 743 2351 salubribus
770 2316 825 2351 ut
852 2317 889 2350 Ι.
913 2305 967 2350 ad
991 2317 1067 2363 41.

307 2384 376 2430 Cl.
397 2385 621 2436 E1DOU8‚
659 2386 739 2444 qui
760 2387 930 2432 multos
953 2387 1092 2433 libros
1116 2404 1171 2432 ex
1201 2388 1366 2447 Anglio
1387 2391 1634 2442 convertit,
1663 2387 1769 2437 sunt
1801 2397 2026 2438 Me'moires
2050 2397 2236 2440 litterati,

179 2464 247 2493 res
261 2445 346 2505 sur
370 2447 514 2494 divers
525 2447 659 2505 sujets
694 2449 744 2494 de
765 2448 989 2510 phylique,
1027 2450 1078 2495 de
1097 2449 1452 2511 maffiemaffique,
1496 2453 1549 2498 de
1571 2453 1729 2513 chymie
1751 2454 1810 2511 ἓξ
1835 2457 1886 2501 de
1914 2457 2121 2502 medecine
2157 2459 2235 2503 Pa-

180 2511 243 2557 ris
268 2523 399 2569 1750.
427 2512 531 2558 12.*
600 2512 712 2557 Non
740 2529 794 2558 ex
828 2511 932 2559 solis
970 2514 1167 2572 Anglicis
1199 2515 1322 2560 libris
1353 2515 1448 2561 haec
1478 2519 1685 2577 collegit,
1728 2531 1778 2565 ut
1814 2522 1975 2565 titulus
2010 2519 2119 2571 fert,
2157 2519 2237 2565 sed.

180 2575 377 2633 plurima
401 2577 532 2621 etiam
558 2591 611 2620 ex
639 2576 919 2622 Germanicis
942 2576 1319 2637 ephemeridibus.
1388 2579 1552 2626 Parum
1578 2582 1632 2626 ad
1660 2597 1744 2628 nos
1770 2581 1901 2636 facit,
1941 2585 1980 2629 &
2007 2582 2097 2629 fere
2117 2584 2234 2630 idio-

179 2635 411 2698 syncrasiae
434 2639 612 2698 aliquae.

308 2724 354 2773 J.
382 2723 516 2776 Georg
536 2720 779 2767 LEOPOLD
814 2719 1029 2770 niitzliche
1054 2721 1146 2767 und
1164 2722 1325 2784 aufdie
1345 2723 1861 2788 Erfizhrunggegriindete
1887 2728 2129 2789 Einleitrmg
2148 2746 2240 2780 zur·

182 2781 573 2842 Landwirthschfft
609 2785 749 2830 Sorau
778 2797 908 2841 1750.
937 2786 1016 2842 4*
1082 2786 1138 2831 In
1154 2788 1290 2845 domo
1319 2789 1477 2835 rustica
1502 2791 1590 2835 viri
1616 2792 1799 2850 praefici
1822 2790 1975 2849 paffim
1998 2793 2144 2851 aliqua
2174 2794 2232 2839 ad?

184 2847 543 2903 generationem,
581 2847 908 2900 dentitionem,
958 2849 1143 2895 morbos
1191 2851 1469 2897 animalium.
1556 2856 1625 2899 De
1665 2855 1830 2899 ovibus
1870 2852 1978 2901 fuse.
2066 2856 2236 2908 Zacken

184 2908 359 3015 animagc
376 2909 494 2980 inter
524 2909 684 2957 hoedos
709 2913 750 2957 ζέε
776 2929 882 2959 oves
906 2911 1153 2974 hybridum
1176 2931 1192 2958 :⁷
1227 2913 1285 2961 sic
1309 2915 1646 2978 Spiegelkmpfh,
1685 2928 1734 2962 ut
1762 2929 1920 2976 putat,
1949 2920 2067 2966 inter
2089 2923 2238 2981 cypri*

182 2985 294 3015 num
389 2983 567 3019 tineam.

251 3048 397 3107 (Bibl.
427 3056 560 3103 Anat.
599 3058 646 3103 T.
662 3055 760 3112 H.)
919 3103 922 3104 ⁷
1339 3060 1391 3107 M
1414 3076 1457 3105 m
1493 3076 1538 3106 m
2101 3069 2230 3112 ‘Frau-
