2531 3394
291 140 380 189 500
560 105 566 109 ’
678 130 812 177 ΜΒ.
856 130 955 175 ix.
1022 111 1948 174 ANATOMES'PERFECTIO.

412 259 589 318 EJUSD,
639 259 821 305 Answer
848 275 902 305 on
927 255 995 303 the
1020 268 1136 302 notes
1163 271 1217 300 on
1240 251 1309 300 the
1335 252 1577 315 postscripts
1609 261 1652 297 to
1671 248 1741 296 the
1774 251 2060 310 observatiam
2079 246 2345 297 anatomical

287 322 375 369 and
398 321 698 383 physiologicoll
725 320 994 380 Edinburgh
1024 325 1154 377 1758.
1182 316 1264 371 82*
1311 322 1519 364 Marcum
1547 321 1810 361 AKENSIDE
1840 331 1936 359 non
1975 317 2092 360 reele
2116 328 2259 358 meam
2287 311 2343 357 de

288 385 402 432 vasis
430 384 715 445 lymphaticis
736 384 1007 431 sententiam
1037 380 1275 428 refutasset
1327 381 1424 426 dari
1454 392 1608 425 tamen
1643 379 1750 424 alias
1779 376 1955 430 causas,
2002 379 2062 423 ob
2100 392 2211 436 quas
2244 389 2342 421 non

290 449 560 502 conveniat,
598 465 753 495 eorum
789 449 1010 508 originem
1041 462 1096 491 ex
1124 445 1297 490 arteriis
1328 455 1541 503 repetere.

417 531 471 576 In
497 528 638 591 Effays
655 528 839 591 physical
858 527 947 574 and
970 528 1171 585 litterary
1195 526 1326 572 T.11.
1357 530 1490 582 1756.
1519 523 1592 577 3.*
1626 521 1680 568 ad
1710 519 2053 582 descriptionem
2089 518 2251 566 offium
2276 536 2346 566 ca-

287 595 397 656 ·pitis
426 596 475 640 in
501 593 595 640 fetu
615 595 791 653 aliqua,
829 592 902 637 cui
932 602 1065 651 caput
1092 588 1385 648 semiduplex.

424 681 491 723 De
516 673 626 732 vafis
650 671 912 734 lymphaticis
937 668 1165 728 valvulofis
1191 667 1250 724 ἐξ
1268 668 1318 714 de
1339 684 1484 714 earum
1508 669 1713 729 imprimis
1730 670 1893 728 origine
1925 665 2087 712 Edinb.
2111 676 2244 723 1770.
2269 663 2347 719 8.*

291 732 414 787 Vasa
448 737 720 799 lymphatica
741 736 875 782 unice
912 752 967 781 ex
995 745 1123 780 textu
1153 730 1366 779 celluloso
1400 731 1540 776 oriri:
1586 747 1731 792 neque
1759 730 1802 776 se
1836 731 1883 776 id
1913 730 2155 776 inventum
2185 729 2349 776 habere

293 822 319 852 a
343 804 626 850 HUNTERO.

422 885 479 931 In
499 879 578 943 Eff.
600 880 688 927 and
709 879 811 939 obsi.
847 877 899 938 of
925 876 993 924 the
1020 875 1323 938 philofivphical
1334 875 1496 934 society
1527 885 1576 920 at
1602 872 1847 936 Edinburgh
1871 875 1925 921 T.
1941 875 2022 921 III.
2077 873 2349 935 Edinburgh

303 962 440 1006 1771.
465 949 542 1000 8.*
580 945 887 1004 experimenta
913 941 1101 993 exstant,
1129 941 1324 1000 plurima
1361 940 1410 984 in
1433 939 1553 984 ranis
1588 936 1718 984 facia.
1787 939 1954 984 Nervis
1991 936 2167 984 resectis
2195 950 2349 985 motus

297 1013 443 1073 periit.
511 1009 687 1067 Opium
715 1006 882 1052 occidit
909 1006 1043 1051 etiam
1074 1004 1167 1050 cuti
1195 1001 1469 1063 impositum.
1538 1003 1630 1048 Cor
1655 1018 1680 1048 a
1699 999 1865 1047 resecio
1890 1002 2032 1062 capite
2059 1004 2210 1061 potius
2237 1003 2349 1048 cele-

299 1076 396 1121 rius
419 1085 642 1118 movetur.
712 1070 886 1129 Opium
902 1071 950 1114 in
969 1068 1277 1114 ventriculum
1303 1063 1546 1125 impulsum
1569 1066 1690 1111 lente
1720 1065 1900 1112 occidit.
1969 1066 2024 1111 In
2049 1081 2213 1111 nervos
2234 1065 2350 1112 nihil

294 1149 523 1197 operatur.
588 1135 850 1180 Nervorum
887 1129 1183 1190 sympathiam
1217 1146 1293 1190 per
1321 1129 1553 1175 cerebrum
1586 1129 1775 1188 operari.
1843 1129 1990 1175 Nervi
2014 1126 2179 1173 dissecti
2203 1130 2347 1174 coale-

299 1200 446 1247 scunt.
514 1199 706 1257 Spiritus
724 1196 822 1242 vini
850 1196 1001 1241 mium
1026 1210 1146 1239 ranae
1172 1205 1333 1244 nocet,
1371 1208 1508 1251 qnam
1531 1193 1712 1252 opium,
1748 1190 2007 1253 Camphora
2029 1193 2186 1253 magis.
2266 1192 2348 1238 Vis

298 1262 618 1311 medicamenti
639 1277 737 1307 non
760 1259 820 1305 cst
843 1259 895 1305 in
919 1259 1095 1305 ratione
1118 1254 1271 1303 sensus
1298 1256 1496 1302 excitati.

774 1395 817 1444 ‘§.
852 1391 904 1438 M
918 1390 1012 1436 CX
1027 1389 1111 1435 LI.
1207 1391 1256 1442 J.
1285 1384 1511 1434 Bernhard
1533 1385 1586 1432 de
1604 1387 1824 1433 FISCHER
1839 1419 1852 1440 ‚

296 1572 329 1619 s
437 1506 672 1555 Archiater
692 1502 928 1557 Rufficus,
963 1503 1067 1564 qui,
1103 1499 1186 1549 nifi
1211 1502 1460 1563 plurimum
1483 1499 1642 1554 fallor,
1681 1500 1817 1546 etiam
1844 1514 1969 1546 nunc
1998 1498 2048 1545 in
2070 1499 2203 1547 beato
2225 1499 2351 1549 senio

301 1583 563 1633 *uperVivm
2284 1571 2293 1573 “

427 1654 483 1700 In
506 1649 607 1713 Eph.
633 1654 747 1697 Nat.
777 1654 878 1697 Cur.
918 1647 1006 1698 Vol.
1030 1648 1091 1695 X.
1123 1646 1203 1707 obs
1222 1658 1302 1699 22.
1331 1647 1425 1708 agit
1448 1645 1501 1692 de
1523 1645 1635 1692 albis
1662 1644 1909 1706 leporibus.

435 1733 529 1792 obs.
551 1745 629 1791 75.
667 1731 721 1777 de
750 1730 949 1791 singultu
974 1731 1015 1776 &
1036 1729 1193 1789 vagitu
1218 1729 1269 1774 in
1299 1742 1431 1776 utero
1453 1727 1615 1774 auditu
1647 1737 1873 1787 percepto.

338 1881 347 1889 .
429 1816 482 1861 In
499 1819 619 1886 Now.
636 1813 731 1859 Aa.
763 1812 848 1862 Vol.
863 1811 921 1858 ΙΙ,
943 1810 1027 1870 obs:
1054 1821 1125 1869 55.
1161 1826 1346 1864 naevus,
1385 1822 1436 1857 ut
1459 1819 1605 1870 putat,
1630 1825 1685 1854 ex
1706 1821 1877 1855 terrore
1895 1819 2028 1856 natus
2049 1809 2219 1856 catellae
2245 1810 2352 1856 alo-

302 1896 376 1926 Xla
406 1889 591 1928 ἘΒῘΎΙῖΪΕ,

433 1960 552 2019 EJUS
582 1960 610 2004 l.
634 1956 685 2003 de
704 1955 818 2015 simio
840 1956 1001 2016 ejusque
1018 1953 1226 2016 gradibus
1253 1953 1313 2010 ἓξ
1334 1952 1508 2008 morbis,
1539 1970 1696 2000 necnon
1717 1951 1768 1999 de
1782 1952 1862 2011 ejus
1877 1952 2141 2014 acquisitione
2173 1953 2351 2003 Erfurd.

311 2034 446 2080 1754.
476 2034 608 2079 1754.
636 2023 708 2074 8.*
774 2021 927 2067 Plures
953 2017 1140 2064 feminas
1170 2018 1225 2064 ad
1250 2019 1480 2064 modicum
1508 2016 1711 2070 senium,
1749 2018 1897 2076 plures
1923 2034 2065 2064 mares
2094 2018 2149 2063 ad
2175 2020 2354 2065 aetatem

306 2085 548 2132 secularem
576 2085 822 2143 pervenire.
889 2082 1065 2129 Hiemis
1092 2080 1230 2128 finem
1254 2080 1379 2128 senes
1407 2097 1579 2128 necare.
1648 2082 1704 2127 In
1729 2078 1909 2126 senibus
1934 2079 2012 2126 effe
2034 2096 2111 2126 cor
2136 2079 2354 2141 amplum,

307 2150 504 2208 amplam
531 2160 726 2200 aortam,
777 2146 1115 2193 indurationem
1152 2143 1312 2191 osseam
1341 2140 1705 2191 membranarum
1732 2144 2022 2196 arteriarum,
2075 2143 2354 2203 potiffimum

306 2210 601 2259 inferiorum>
637 2210 870 2256 cerebrum
897 2208 1072 2256 firmius
1093 2242 1106 2262 ,
1143 2209 1436 2255 involucrum
1469 2208 1598 2254 lienis
1625 2207 1790 2254 durum
1808 2240 1820 2259 ‚
1859 2204 1916 2252 fic
1951 2207 2212 2267 glandulas,
2249 2208 2355 2257 offa.

308 2291 396 2335 que
422 2273 570 2325 arida,
607 2284 756 2318 toturn
779 2289 940 2333 corpus
968 2273 1140 2324 levius,
1176 2270 1328 2319 sensus
1360 2270 1636 2323 obtufiores‚
1682 2270 1962 2316 excretiones
1994 2271 2231 2330 parciores,
2264 2289 2357 2319 ma-

305 2339 461 2384 xillam
492 2338 642 2382 minus
676 2335 866 2382 firmam.
954 2337 1067 2383 Salis
1107 2337 1363 2396 portionem
1402 2347 1534 2395 putat
1570 2350 1674 2381 cum
1705 2332 1830 2381 senio
1872 2332 2100 2380 crescere:
2147 2333 2356 2383 sudorem

307 2399 406 2448 fieri
430 2398 728 2447 viscidiorem.
797 2397 1029 2445 Senescere
1057 2399 1190 2444 etiam
1219 2397 1364 2446 afitos.

432 2481 569 2527 Nova
598 2478 737 2524 editio
762 2477 938 2525 Erfurd.
966 2485 1102 2536 1760.
1132 2481 1203 2532 8.*
1235 2480 1434 2526 multum
1464 2481 1594 2526 aucta
1620 2479 1695 2526 est.

438 2559 776 2620 Compendium
800 2559 1066 2604 Germanice
1093 2559 1264 2618 prodiit
1285 2576 1393 2606 cura
1414 2562 1611 2607 auctoris
1644 2562 1765 2608 Hall.
1792 2566 1927 2619 1762.
1955 2567 1997 2615 8.

324 2705 350 2751 ἱ.
393 2706 427 2752 't
438 2642 493 2688 In
505 2645 625 2689 Nov.
636 2640 863 2688 Αὲἶ.’Ναι.
882 2643 983 2686 Cur.
1007 2639 1096 2686 Vol.
1116 2641 1196 2686 111.
1224 2640 1304 2700 obfi
1317 2654 1373 2699 71
1384 2677 1394 2688 .
1412 2641 1465 2687 de
1478 2642 1635 2702 vagitu
1650 2644 1831 2688 uteri-no
1844 2644 2034 2688 alterum
2047 2639 2356 2688 testimonium

309 2725 324 2754 e
342 2721 405 2752 ixi
430 2740 441 2751 .

662 2784 709 2841 §-
744 2784 911 2833 MCX
928 2782 1043 2830 LII.
1111 2786 1364 2830 Laurentius
1395 2782 1631 2832 Theodorus
1658 2785 1992 2832 GRONOVIUS.

438 2886 484 2936 J.
515 2881 728 2930 Friderici
753 2880 818 2928 fil.
847 2891 1021 2926 naturae
1045 2875 1296 2931 studiosus,
1331 2879 1465 2925 etiarn
1489 2879 1767 2940 potiss'imum
1794 2880 2070 2925 animalium.
2140 2880 2176 2926 E
2178 2895 2212 2942 J.
2251 2886 2358 2929 Mu.

296 2945 430 3007 saeum
455 2944 801 3009 ichthyologicum
815 2943 957 3007 fistens
977 2941 1155 3006 piscium
1182 2941 1481 3005 indigenarum
1512 2941 1571 3000 ἓξ
1599 2942 1881 3005 quorumdam
1914 2947 2173 2992 exoticorum
2211 2951 2285 3005 qui
2312 2951 2357 2992 in

2212 3008 2357 3069 musaeo
