2531 3394
500 131 538 180 ς.
580 91 714 183 1o36.
754 136 886 186 1037.
957 118 1924 172 SCHMIEDEL.-·TABARRAN1.
2134 133 2223 183 353

182 246 312 303 Ratae.
378 255 491 302 Tres
503 253 670 302 tabulae
683 253 864 302 finuum
876 254 1058 302 cerebri.
1126 253 1259 299 Vena
1272 248 1578 312 ophthalmica
1593 250 1634 296 &
1657 249 1753 310 ejus
1777 267 1904 297 arcus
1925 265 2047 299 trans
2069 251 2228 299 nasum

182 324 202 377 (
219 319 468 381 plures‘ego
486 320 659 379 reperio
680 324 722 372 )‚
758 336 893 380 quam
912 330 1042 379 putat
1059 333 1082 363 a
1095 315 1192 365 sinu
1208 313 1452 362 cavernoso
1466 312 1619 360 versus
1633 312 1790 360 nasum
1805 314 1979 362 ducere.
2040 317 2231 378 jugula-

150 399 275 430 -rem
315 381 462 429 sinum
501 399 605 429 cum
640 382 851 437 inferiori
872 379 1051 442 petroso
1076 380 1310 439 conjungi.
1380 377 1622 427 Circularis
1660 375 1777 424 sellae
1814 378 1993 438 equinae
2028 379 2146 426 finus
2182 382 2224 427 &

148 460 152 462 ·
179 444 475 494 transversus
543 448 674 494 Duos
695 448 894 493 laterales
916 444 1202 505 conjungens
1232 440 1364 489 finus.
1437 441 1630 501 Sanguis
1651 442 1768 488 circa
1790 441 2033 488 carotidem
2060 459 2224 490 exeun-

181 523 273 558 tem
305 507 486 557 effusus.
557 513 772 568 Quatuor
805 507 925 555 finus
958 506 1084 554 falcis
1123 506 1344 553 cerebelli.
1428 505 1601 564 Utique
1638 503 1758 552 sinus
1786 503 1910 552 falcis
1939 506 2106 551 cerebri
2135 509 2224 566 ple-

180 591 374 634 rumque
407 573 690 622 dextrorsum
718 573 980 620 inflecstitur.
1051 572 1185 618 Sinus
1212 587 1361 618 novus
1383 571 1434 616 in
1459 568 1562 616 offis
1584 568 1746 629 petroli
1768 586 1872 617 cum
1903 570 2094 629 occipite
2120 586 2225 616 con-

178 640 440 700 Jundlione³
477 640 611 685 etiam
638 653 739 683 cum
765 637 963 697 jugulari
987 633 1088 681 sinu
1112 634 1468 681 communicans.
1542 635 1612 683 De
1641 634 1815 684 arteriae
1834 634 2046 680 carotidis
2074 632 2225 678 flexio-

179 702 333 753 nibus.
401 700 687 748 Demusculo
705 698 820 745 dorsi
834 697 1122 758 scmispinato
1143 717 1155 750 ;
1191 697 1387 745 bifidum
1399 713 1735 758 nonnunquam
1751 695 1848 750 effe,
1886 700 1927 744 &
1947 700 1997 743 in
2018 695 2165 757 spinas
2183 697 2226 743 &

179 768 230 813 iu
256 763 477 826 processus
504 761 780 810 transversos
812 763 1077 810 lumbalium
1113 762 1422 809 vertebrarum
1458 759 1609 808 inseri.
1677 762 1748 807 De
1781 761 2005 822 glandulis
2033 758 2225 807 mucosis

178 828 451 876 feminarum
474 829 791 878 &CQWPERL
861 826 1152 883 Glandulanr,
1190 838 1243 872 ut
1268 825 1650 878 BARTHOLINUS„
1685 825 1872 886 ejusque
1899 826 2087 872 dudlum
2105 841 2229 884 repe-

177 894 252 940 rit.
322 893 579 952 Hymenem
614 889 869 937 confirmat.
939 891 1198 936 Placentam
1235 901 1458 936 retentam
1501 905 1597 936 non
1632 889 1857 935 continuo
1894 905 2072 935 nocere.
2141 887 2226 935 Pili

180 960 221 1004 ἃ
246 954 436 1002 sebaceae
460 954 686 1016 glandula:
714 952 1018 1014 nympharum
1037 972 1050 1005 ς
1097 952 1218 999 sinus
1241 954 1376 999 uteri.
1445 953 1623 1013 Corpus
1662 953 1836 999 luteum
1854 971 1867 1005 3
1914 953 2077 1000 ductus
2108 951 2228 1012 gala·

177 1017 412 1079 {tophori‚
451 1035 565 1079 quos
591 1035 685 1064 non
719 1018 836 1063 bene
861 1020 923 1064 ait
953 1018 1074 1064 inter
1093 1015 1137 1064 se
1159 1018 1296 1062 uniri.
1367 1017 1562 1063 Valvula
1586 1017 1895 1064 EUSTACHH:
1932 1017 1985 1063 de
2008 1015 2226 1064 dentibus

177 1083 312 1130 tertio
335 1081 620 1129 nascentibus
649 1084 730 1129 ἃς.
800 1083 992 1141 Reliqua
1011 1080 1297 1142 pathologica
1319 1082 1360 1126 &
1379 1080 1646 1141 chirurgica.

308 1164 361 1209 In
399 1166 532 1210 tertio
557 1176 684 1209 tomo
716 1165 817 1208 Atti
843 1162 945 1208 dell’
965 1162 1201 1209 Academia
1227 1161 1340 1223 degli
1362 1161 1478 1227 fifico
1509 1166 1651 1209 critici
1702 1163 1834 1210 Siena
1860 1169 1994 1222 1767.
2015 1160 2099 1223 4*
2140 1179 2226 1211 nu.

175 1226 360 1275 merosae
392 1228 557 1274 iterum
583 1228 653 1273 Cl.
683 1227 770 1273 viri
801 1224 1136 1273 observationes
1160 1226 1359 1279 exstant,
1396 1228 1532 1286 paulo
1559 1226 1842 1287 longioribus
1868 1227 2065 1287 periodis
2089 1244 2226 1289 expo-

175 1291 284 1339 fitae.
352 1292 421 1338 De
446 1290 679 1337 acetabulo
706 1289 889 1337 femoris
913 1292 955 1336 &
985 1291 1233 1350 ligamento
1262 1302 1433 1343 terete3
1470 1289 1560 1336 fere
1598 1301 1653 1336 ut
1681 1291 1751 1337 Cl.
1785 1292 2086 1339 SCHWENKF..
2154 1293 2227 1338 De

177 1356 286 1404 teste
317 1357 359 1401 &
386 1355 515 1402 tenui
544 1354 829 1407 membrana,
867 1371 968 1414 quae
991 1354 1047 1400 ab
1071 1354 1310 1414 albuginea
1333 1352 1523 1414 separari
1552 1353 1720 1414 potest,
1757 1371 1857 1415 quae
1883 1355 2037 1402 eadem
2062 1355 2124 1402 est
2151 1373 2228 1403 va.

177 1420 340 1481 ginalis
365 1419 519 1465 tunica
535 1430 657 1465 trans
672 1419 1026 1478 epididymidem
1052 1418 1311 1465 adveniens.
1378 1419 1425 1465 N
1429 1435 1586 1465 ervum
1602 1419 1755 1479 quinti
1777 1420 1898 1479 paris
1922 1421 2081 1481 utique
2097 1417 2225 1481 septo

173 1480 1145 1544 proprioasanguinereceptaculidistingui.
1185 1481 1536 1543 Oisatriquetra.
1572 1484 1643 1529 De
1663 1484 2227 1532 valvulaEUSTAcnlANA

179 1549 223 1593 &
244 1548 480 1593 coronaria
504 1544 614 1593 fuse.
682 1548 867 1594 Mecum
883 1544 1020 1592 sentit
1032 1546 1085 1592 de
1109 1547 1270 1593 umbra
1295 1546 1373 1591 illa
1401 1547 1451 1593 in
1471 1548 1755 1595 EUSTACHH
1772 1548 1919 1602 icone,
1955 1548 2009 1594 de
2032 1564 2121 1609 qua
2134 1564 2227 1594 me-

175 1609 403 1657 accusavit
443 1613 676 1658 ALBINUs.
770 1611 804 1657 F
807 1626 992 1656 eramen
1035 1612 1165 1656 ovale
1202 1627 1226 1656 a
1246 1608 1466 1658 >sinistris
1561 1607 1870 1671 Androgynus
1915 1613 1996 1673 qui
2040 1612 2226 1659 videtur

174 1690 324 1722 verus.
393 1675 520 1722 Alter
544 1675 615 1721 vir
634 1673 816 1721 urethra
843 1673 945 1721 fissa.
1018 1674 1259 1735 Appendix
1280 1674 1499 1723 intestini.
1567 1675 1681 1722 Veri
1702 1676 1818 1736 pulli
1841 1678 1891 1722 in
1917 1688 2075 1723 ventre
2100 1676 2225 1738 galli-

175 1754 260 1786 nae.
330 1739 478 1799 Spinae
503 1736 620 1784 dorfi
648 1751 860 1785 curvatae.

303 1824 474 1868 Lettere
487 1820 533 1867 di
545 1824 595 1868 P.
613 1820 920 1867 TABARRANJ
957 1820 1105 1866 Lueca
1123 1826 1258 1879 1764.
1275 1832 1319 1879 4.
1345 1820 1471 1867 Inter
1485 1837 1556 1868 eas
1577 1820 1636 1867 est
1655 1821 1706 1868 de
1723 1822 1932 1870 lacrumis
1950 1820 2225 1885 sanguineis.

732 1956 769 2005 §.
811 1952 864 1998 M
877 1951 922 1997 X
932 1949 980 1996 X
990 1950 1037 1997 X
1052 1949 1095 1995 V
1110 1950 1132 1997 I
1145 1951 1165 1997 I
1178 1951 1213 1997 I.
1316 1951 1662 2013 Disputationes.

301 2053 349 2105 J.
376 2047 535 2112 Caspai*
554 2049 779 2096 MEZGER
803 2047 855 2093 de
871 2048 1015 2108 somni
1035 2059 1197 2094 natura
1227 2046 1287 2104 ἐξ
1311 2047 1440 2106 causis
1472 2048 1598 2096 Leid.
1627 2058 1760 2108 1742.
1789 2061 1835 2108 4.

302 2129 531 2189 Baltlmsar
547 2128 737 2185 Jolmnn.
763 2130 944 2176 HAVER
975 2128 1028 2174 de
1046 2134 1276 2190 principiis
1300 2135 1488 2192 corporis
1514 2128 1686 2178 lucinani
1703 2164 1715 2185 ‚
1752 2130 1813 2177 ad
1836 2130 1974 2178 locum
2007 2132 2224 2194 G’enefi’es³

166 2194 315 2256 pulvis
340 2212 381 2241 es
410 2193 470 2250 &³
499 2199 543 2241 in
561 2195 786 2256 pulverem
810 2196 1038 2240 revertere
1071 2194 1193 2239 Leid.
1219 2205 1351 2252 1742.
1379 2205 1442 2253 4.·

302 2281 425 2333 Petri
445 2277 699 2338 JOSSELET
726 2275 778 2321 de
806 2279 973 2322 vomitu
1005 2275 1155 2321 Leidae
1177 2286 1311 2334 1742.
1331 2274 1414 2335 4.*

304 2358 453 2406 Nicol.
481 2356 602 2404 Frid.
631 2357 763 2404 Wilh.
790 2357 1092 2404 PRJ-ETORIUS
1123 2356 1174 2403 de
1189 2355 1336 2415 saliva
1369 2357 1493 2404 Leid.
1516 2369 1652 2416 1742.
1671 2354 1753 2414 4.ἶιιν

304 2444 354 2487 P.
383 2440 421 2486 le
442 2440 697 2487 MONNJER
723 2438 775 2484 de
795 2450 996 2500 conceptu
1020 2436 1079 2494 Εὖ)
1100 2443 1353 2485 incremento
1365 2439 1484 2501 fetus
1521 2441 1644 2487 Leid.
1668 2452 1800 2500 1742.
1825 2442 1904 2500 4*

299 2526 398 2577 Jac.
425 2537 513 2566 van
538 2520 790 2566 VivalET
815 2519 868 2565 de
881 2518 1023 2578 somni
1044 2532 1206 2566 natura
1234 2518 1292 2576 ἓξ
1316 2519 1446 2580 cazzfis
1481 2522 1602 2569 Leid.
1632 2535 1767 2582 1742.
1793 2536 1839 2581 4.

304 2602 516 2662 Francisci
536 2605 588 2647 N
589 2601 679 2647 icol.
703 2602 750 2647 N
754 2615 946 2648 ARClssl
972 2600 1024 2647 de
1038 2606 1311 2662 generatione
1335 2600 1395 2658 ἓξ
1414 2606 1689 2666 receptaculis
1712 2604 1821 2665 chyli
1855 2604 1977 2652 Leid.
1998 2606 2223 2663 1742.4.*

176 2668 217 2714 ἆ
242 2666 293 2714 in
314 2669 459 2727 nostris
472 2664 640 2723 selec‘iis.
708 2665 869 2711 Nodos
891 2664 1030 2711 habet
1057 2666 1107 2711 iu
1136 2664 1249 2713 vasis
1279 2667 1432 2714 lacteis
1457 2669 1765 2729 praegrandes,
1806 2671 1848 2716 &
1883 2669 2110 2729 praelonga
2141 2669 2224 2715 du-

177 2733 272 2778 etus
300 2730 519 2777 thoracici
546 2729 709 2775 ultima
739 2745 882 2774 crura.

302 2816 349 2866 J.
376 2811 562 2858 Cornelii
582 2810 742 2856 VithE
767 2808 820 2855 de
839 2821 984 2856 mutuo
1007 2812 1299 2872 intestinorum
1317 2811 1498 2875 ingreffiz
1532 2813 1655 2861 Leid.
1681 2823 1814 2870 1742.
1841 2810 1923 2868 4*
1954 2813 2059 2858 &in
2083 2830 2136 2859 no
2168 2813 2226 2859 ris

167 2871 331 2929 seleeh's..
401 2876 573 2926 Variae,
607 2875 737 2919 valde
765 2872 1040 2934 singulares,
1078 2876 1241 2922 ductus
1275 2876 1494 2924 thoracici
1529 2893 1632 2923 cum
1663 2892 1778 2921 vena
1809 2873 1900 2921 fine
1927 2876 2023 2935 pari
2053 2876 2227 2925 anasto-

177 2934 334 2982 moses.
401 2939 517 2984 Duae
536 2938 585 2983 in
609 2954 703 2985 uno
730 2954 834 2984 rene
860 2939 1026 2998 pelves.
1093 2939 1128 2985 F
1131 2940 1249 2988 latus
1271 2957 1326 2987 ex
1354 2939 1495 2988 vesica
1523 2943 1573 2987 in
1598 2951 1821 2986 ureterem
1848 2939 2058 2988 redeuns.

231 3005 379 3074 (Btbl.
404 3020 535 3066 Anat.
565 3023 680 3067 Tem.
696 3020 793 3075 15..)
1069 3083 1073 3088 ἢ
1288 3021 1336 3069 Y
1352 3039 1384 3083 y
2032 3025 2222 3081 J.1Petri
