2531 3394
304 121 446 216 ηεχ
725 144 857 215 Lis.
911 165 1001 209 rx.
1070 158 1480 208 ANATOMES
1534 158 1966 237 Pssarscrm.

324 286 499 336 ceribus
530 286 670 337 fufius
693 288 894 337 versatus
923 289 1014 341 est,
1060 289 1190 334 nervi
1224 289 1267 334 ἅτ
1297 288 1447 347 aliqua
1477 285 1579 334 vasa
1614 285 1732 334 forte
1765 289 1844 333 vix
1865 287 2165 335 admittebant
2191 290 2372 351 plenam

321 353 758 414 interpretationem.
849 355 902 400 In
932 354 1205 405 SENACUM,
1253 353 1549 404 BERTmum,
1586 352 1969 405 MORGAGNUM,
2006 352 2369 400 Wiusrowum

321 414 477 477 paffim
500 416 840 478 perhumaniter
868 415 1201 462 animadvertit.
1270 416 1457 475 Nupera
1486 415 1624 461 editio
1656 421 1726 469 18.
1756 415 1931 476 paginis
1963 418 2092 461 aucta
2120 416 2196 469 est,
2228 419 2279 463 &
2299 416 2371 462 in,

321 482 584 540 terpretatio
620 492 652 528 t.
679 492 754 540 42.
787 483 828 527 ἃ
861 491 936 536 27.
966 477 1118 525 fusior.
1197 478 1530 525 Adnotationes
1551 513 1563 530 ,
1612 495 1713 539 quae
1751 491 1881 541 erant
1911 479 1966 525 ad
1997 479 2169 526 calcem
2193 479 2370 541 operis,

320 559 472 598 nunc,
510 547 551 592 ἃ
578 544 838 597 commode,
871 544 922 589 in
945 541 1092 603 ipsum
1114 541 1367 606 sermonem
1390 542 1493 589 lib-ri
1515 542 1762 589 distributae
1787 541 1908 591 sunt.

456 626 622 673 Tabula
640 626 783 684 fheleti
809 623 868 680 ἓξ
900 624 1179 684 musculorum
1208 624 1392 685 corporis
1420 621 1607 670 humani
1628 625 1750 671 Leid.
1781 637 1912 683 1747.
1942 623 2027 671 fol.
2045 626 2200 671 max*
2269 624 2369 672 Sca·

320 689 449 737 leton
473 691 645 749 paravit
673 690 837 735 nativis
861 688 1114 748 ligamentis
1137 686 1439 733 cohaerentem
1456 722 1467 741 ,
1503 687 1812 748 sculptamque
1839 689 1976 735 dedit.
2046 690 2101 735 In
2130 686 2369 734 eam'mufi

321 754 446 799 culos
472 769 527 798 ex
553 753 650 799 aliis
672 752 961 798 cadaveribus
986 749 1228 811 disposuit,
1261 763 1314 797 ut
1338 753 1528 811 quisque
1556 750 1680 810 suam
1716 768 1870 798 veram
1898 753 1953 798 ad
1984 752 2072 798 offa
2097 750 2366 812 positionem

318 814 527 863 servaret.
595 817 707 862 Tres
730 832 833 876 ergo
865 813 1030 867 sceleti,
1060 813 1371 861 musculorum
1400 815 1567 876 viginti
1597 818 1638 862 &
1673 816 1874 875 quinque
1908 816 2081 863 tabulas
2110 815 2184 862 hic
2218 815 2367 868 dedit,

321 896 510 939 quarum
536 895 697 925 novem
724 880 950 939 integras:
987 878 1149 938 aliquae
1176 876 1410 938 systemata
1432 880 1579 938 aliqua
1604 880 1869 939 peculiaria,
1905 892 1959 927 ut
1981 879 2240 940 pharyngis,
2270 890 2369 939 par-

319 944 525 1002 tiumque
549 943 814 1001 genitalium
836 977 848 995 ,
887 943 1069 1001 reliquae
1092 941 1317 988 solitarios
1342 941 1569 989 musculos
1594 944 1871 1002 exprimunt.
1963 942 2095 990 Nihil
2125 942 2270 1004 potest
2298 959 2368 989 ae-

317 1007 515 1052 curatius
545 1007 586 1051 &
614 1007 790 1065 plenius
814 1006 1030 1067 cogitari,
1061 1020 1208 1066 neque
1229 1006 1333 1052 licet
1356 1023 1434 1066 per
1458 1004 1629 1068 singula
1650 1004 1728 1052 ire.

454 1085 622 1135 Tubulae
639 1086 797 1149 septem
833 1091 949 1133 uteri
973 1086 1196 1148 gravidi*
1219 1087 1376 1133 eodem
1406 1085 1501 1134 fere
1530 1100 1731 1148 tempore
1761 1087 2060 1149 prodierunt:
2096 1098 2252 1135 uterus
2272 1088 2362 1150 pri-

317 1166 443 1198 mum
477 1167 579 1197 cum
605 1167 774 1197 cernuo
799 1149 919 1204 fetu,
960 1153 1002 1197 &
1027 1152 1078 1197 in
1100 1162 1279 1211 partum
1306 1152 1495 1198 nitente.
1576 1152 1631 1197 In
1658 1164 1787 1199 utero
1821 1155 1862 1199 ὅ(
1895 1169 2058 1213 magna
2093 1152 2202 1198 ostia
2232 1169 2366 1199 vena-
2402 1146 2409 1158 ⁸

316 1231 420 1261 rum
461 1213 806 1276 sanguinearum
838 1214 1116 1261 tumidarum
1156 1215 1392 1274 exprimit,
1435 1217 1475 1262 ἃ
1505 1215 1755 1262 eminentes
1781 1217 1831 1262 in
1865 1230 2043 1263 uterum
2086 1215 2364 1275 serpentinas

275 1303 277 1305 r
317 1279 515 1325 arterias.
585 1277 744 1325 Chorii
764 1280 951 1325 nomine
975 1279 1169 1324 mediam
1198 1278 1505 1325 membranam
1539 1278 1658 1325 setus
1685 1280 1925 1340 intelligit,
1971 1281 2194 1339 aliamque
2234 1279 2370 1325 villo-

314 1339 409 1389 sam
437 1343 735 1402 mollemque,
785 1345 826 1388 ὃς
859 1359 980 1396 eam,
1014 1345 1055 1388 &
1081 1358 1175 1388 una
1202 1344 1452 1401 placentam
1485 1343 1786 1389 obducentem
1814 1344 2049 1403 exprimit,
2091 1359 2189 1404 quae
2223 1354 2364 1389 ovum

316 1421 421 1452 cum
452 1417 584 1453 utero
627 1407 881 1468 conjungit.
974 1406 1250 1468 Sanguinem
1285 1422 1341 1452 ex
1368 1407 1611 1453 arteriolisv
1635 1404 1903 1468 serpentinis
1943 1410 2062 1454 uteri
2098 1409 2148 1454 in
2186 1408 2364 1468 placen-

313 1479 406 1516 tam
437 1468 562 1517 ursit.

452 1555 495 1600 T
491 1551 622 1598 abulce
644 1551 787 1610 offi'um
811 1550 1090 1600 humanorum
1125 1552 1248 1600 Leid.
1277 1564 1409 1612 1753.
1439 1551 1517 1599 fol.
1541 1552 1706 1600 max.*.
1792 1550 1980 1601 Tabulae
2009 1549 2114 1599 sunt
2145 1563 2228 1608 39,
2264 1549 2366 1600 aliae

311 1614 484 1662 umbris
504 1614 729 1675 perfectae,
765 1617 860 1663 aliae
881 1618 1073 1663 literulis
1098 1615 1336 1678 insignitae.
1404 1618 1599 1665 Sceletos
1624 1615 1775 1663 omissa
1799 1617 1983 1677 est,quae
1999 1617 2048 1662 in
2067 1616 2207 1676 priori
2228 1632 2365 1676 opere

310 1678 559 1738 reperiatur
570 1697 584 1730 3
627 1678 714 1724 offa
741 1678 913 1739 singula
944 1681 1132 1741 repetita
1150 1715 1161 1734 ,
1207 1681 1452 1734 delineata,
1491 1683 1532 1727 Sc
1565 1682 1848 1741 peculiariter
1880 1682 2025 1742 capita
2047 1678 2270 1727 offium&
2293 1695 2362 1727 ar-

311 1741 454 1788 ticuli.
523 1744 578 1789 In
611 1744 752 1804 capite
779 1745 953 1803 aliquot
978 1745 1157 1790 narium
1183 1743 1465 1803 sectiones&
1496 1744 1617 1792 finus
1643 1745 1880 1806 pituitarii.

444 1823 612 1871 Tabula
630 1823 740 1882 vafis
766 1822 959 1885 cllpilz‘fi’ri
980 1843 1073 1872 cum
1102 1843 1212 1871 zena
1244 1842 1403 1887 azygo,
1440 1831 1613 1872 arteriis
1649 1825 1980 1888 intercostalibus
2003 1825 2179 1887 aliisque
2207 1825 2360 1872 vicinis·
2421 1840 2433 1849 Χ

302 1887 506 1949 parribus
541 1888 660 1934 Leid.
685 1901 815 1946 1757.
840 1887 954 1935 soh*
1002 1890 1252 1936 varietates
1277 1891 1434 1949 aliquae
1452 1891 1548 1950 ejus
1573 1890 1749 1944 ductus,
1789 1893 1829 1937 &
1855 1890 2053 1938 cisternae
2074 1890 2210 1951 chyli,
2245 1905 2364 1952 aegre

311 1967 336 1997 a
356 1950 497 1996 ductu
522 1950 734 2004 diversae3
770 1950 916 1998 insula
938 1955 1086 2006 nulla,
1118 1952 1304 2000 insertio
1331 1954 1501 2014 duplici
1522 1967 1647 2001 ramo
1673 1953 1860 2015 desuper
1886 1953 2012 2001 facta.

439 2035 508 2077 De
522 2030 673 2089 sceleto
694 2031 873 2080 hzmmno
904 2032 1028 2080 Leid.
1054 2039 1187 2092 1762.
1217 2033 1299 2091 4)ιν
1367 2036 1493 2082 Prius
1515 2037 1568 2081 de
1596 2035 1763 2083 ollibus
1787 2037 1987 2096 corporis
2019 2033 2208 2082 humani
2243 2051 2357 2095 opus

311 2093 384 2141 hic
405 2095 652 2154 plurimum
675 2099 857 2142 aucium
886 2097 1035 2149 redit,
1066 2098 1213 2144 citatae
1242 2097 1315 2144 hic
1342 2097 1478 2159 ipsius
1506 2098 1670 2146 summi
1699 2101 1785 2146 viri
1808 2100 1987 2146 tabulae.
2054 2101 2219 2146 Monet
2237 2097 2356 2159 figu-

309 2174 380 2205 ras
417 2156 517 2204 suas
554 2175 710 2205 omnes
748 2160 910 2206 habere
945 2160 1044 2207 suas
1076 2161 1246 2208 circino
1278 2161 1446 2211 sumtas
1488 2162 1718 2210 mensuras
1803 2165 1970 2209 Iterum
2009 2179 2103 2208 non
2130 2161 2358 2222 possumus

309 2238 394 2268 nos
418 2222 468 2267 in
493 2219 664 2282 lingula
693 2223 944 2277 dimittere,
981 2241 1080 2284 quze
1105 2225 1224 2272 bona
1253 2225 1400 2273 habet.
1470 2228 1606 2274 Sinus
1632 2227 1915 2273 ethmoideos
1947 2227 2162 2285 utrinque
2190 2226 2357 2286 quinos

308 2296 540 2338 numerat,
578 2296 738 2345 praeter
768 2287 964 2334 minores
990 2290 1114 2334 alios.
1183 2290 1352 2336 Pelvim
1390 2288 1658 2336 femininam
1694 2307 1718 2336 a
1746 2290 1867 2336 virili
1893 2287 2128 2351 insigniter
2159 2287 2354 2337 differre.

307 2348 480 2409 Utique
508 2349 558 2394 in
581 2347 840 2408 respirando
870 2350 1106 2397 inferiores
1130 2351 1269 2398 costas
1294 2353 1347 2398 ad
1376 2351 1628 2413 superiores
1657 2353 1878 2399 accedere.

436 2429 715 2490 Conjunfms
754 2429 1034 2478 recensemus
1077 2437 1370 2479 annotationes
1412 2440 1670 2481 ctitntomicas
1693 2469 1704 2487 ,
1751 2451 1941 2495 quarum
1983 2437 2085 2481 oc‘to
2120 2436 2356 2482 volumina

307 2491 593 2553 prodierunt-4
660 2493 861 2539 Primum
889 2511 924 2539 a.
952 2506 1087 2553 1754.
1114 2507 1158 2553 4.
1175 2494 1221 2548 *,
1255 2497 1377 2556 quod
1408 2497 1458 2542 in
1489 2499 1625 2544 titulo
1655 2500 1862 2545 continet
1891 2503 2162 2552 anatomica,
2189 2496 2355 2560 physio-

305 2557 440 2618 logica
463 2590 474 2609 ,
503 2554 798 2618 zoographica.
868 2556 1101 2604 Uraehum
1123 2560 1172 2605 in
1195 2560 1363 2620 juvene
1389 2572 1591 2621 apertum
1613 2562 1743 2608 vidit.
1810 2563 1843 2608 F
1846 2560 1966 2609 usius
1991 2561 2065 2609 hic
2100 2562 2153 2607 de
2188 2561 2354 2609 celebri

306 2619 385 2667 illo
420 2618 499 2666 filo
536 2620 587 2665 in
624 2621 852 2680 propriam
883 2622 1126 2668 terminato
1164 2621 1428 2677 vesiculam,
1473 2625 1595 2684 quod
1617 2627 1667 2672 in
1695 2623 1902 2672 funiculo
1933 2625 2180 2672 umbilicali
2220 2624 2352 2673 vidit.

307 2682 482 2730 Arteria
517 2684 726 2730 centralis
754 2684 887 2730 lentis
928 2685 1205 2744 crystallinae.
1274 2688 1541 2734 Membrana
1578 2690 1839 2749 pupillaris,
1884 2706 1933 2735 ea
1957 2688 2076 2748 ipsa,
2125 2688 2188 2735 'ob
2218 2702 2353 2748 quam

307 2757 454 2792 tantas
478 2748 564 2793 iras
586 2745 684 2792 sum
707 2745 862 2805 paffus.
932 2746 1126 2795 Vascula
1150 2751 1199 2795 in
1226 2750 1467 2797 medullam
1492 2753 1658 2798 cerebri
1687 2750 2001 2799 descendentia
2028 2754 2206 2811 repleta.
2275 2752 2352 2797 In-

306 2810 544 2855 volucrum
566 2808 817 2864 mucosum,
852 2827 997 2871 neque
1018 2813 1326 2866 reticulatum,
1355 2815 1547 2873 linguae:
1583 2814 1659 2862 fila
1682 2817 1963 2874 papillarum.
2011 2813 2221 2869 Vascula,
2250 2814 2351 2873 q'uae

305 2871 356 2918 in
381 2873 628 2931 placentam
655 2873 1001 2936 convalescunt,
1037 2875 1354 2931 involucrum,
1399 2877 1520 2937 quod
1560 2894 1654 2925 eam
1677 2877 1819 2938 ipsam
1856 2877 2056 2927 obducit.
2124 2878 2196 2924 De
2229 2875 2352 2924 funi-

306 2935 437 2988 culo,
475 2935 570 2996 ejus
593 2936 886 2986 infundibulo
914 2940 956 2986 &
984 2936 1170 2986 herniis.
1466 2958 1475 2961 ⁷

2213 3035 2265 3086 L.
2286 3034 2348 3084 11.
