2531 3394
494 120 541 182 ς.
580 126 676 181 986
700 145 761 156 --
787 124 895 179 988.
966 119 1060 169 Dtr
1091 115 1366 168 HAMEL.
1431 113 1481 164 P.
1518 113 1572 164 A.
1607 111 2001 169 BOEHMER.
2176 124 2271 182 285

247 272 250 276 ·
316 264 319 265 ’
349 254 423 318 EJ.
475 256 543 321 De
572 267 760 315 quatuor
804 251 863 309 89⁹
905 257 1091 315 quinque
1126 252 1260 297 ramis
1292 256 1425 295 aortae
1475 247 1596 294 Hali.
1623 242 1757 306 1741.
1779 247 1860 307 4.*
1895 266 1918 296 a
1944 251 2075 299 nobis
2100 250 2271 302 recusa,

217 319 475 368 Varietates
499 320 703 364 continet
730 334 860 365 arcus
881 330 1032 364 aortae.

349 402 423 462 EJ.
476 403 544 447 De
576 415 858 446 mammarum
887 396 1072 443 duffiibm
1109 406 1244 453 1742.
1269 390 1351 453 4.*
1388 409 1414 440 a
1441 393 1574 440 nobis
1600 390 1740 440 recus.
1811 394 1969 442 Unum
2000 396 2184 446 ductum
2217 414 2274 447 cx

221 466 360 514 ramiS
385 466 722 512 con-fluentibus
746 460 1069 509 coalescentem
1089 458 1311 520 depingit.

355 547 426 608 EJ.
465 550 506 593 &
535 547 576 608 J.
600 547 885 592 BURCHART
916 541 968 588 de
992 539 1219 603 ueceffzriu
1233 540 1426 603 funiculi
1451 539 1699 587 umbilicalzk
1724 544 1772 586 vi
1789 539 1990 600 vasorum
1997 543 2218 603 struelurae
2234 549 2280 592 in

215 613 484 674 ⁴nuperrimo}
501 609 752 671 deligatione
788 607 909 653 Hal-l.
936 619 1072 665 1745.
1096 610 1170 665 4*
1204 622 1228 651 a
1253 607 1386 653 nobis
1409 604 1548 652 recus.
1592 606 1768 652 Contra
1788 606 1984 667 Collegae
2004 605 2280 655 suiSCHUL-

225 668 296 724 ziz
328 676 633 736 conjecturam
658 672 781 717 dicit.
837 668 1061 717 Vasorum
1096 670 1301 716 umbilici
1329 669 1498 729 figuras
1537 668 1630 715 dat.
1699 670 1980 716 Arteriarum
2024 684 2281 733 urgetam.

224 741 527 802 piitudinem,
562 739 732 782 rectum
755 735 968 788 ducrum,
1003 733 1236 796 sanguinis
1269 735 1323 780 de
1353 751 1406 780 eo
1434 732 1604 780 resecto
1635 749 1661 779 a
1689 746 1824 794 partu
1853 733 2046 783 fluxum.
2129 737 2282 798 Negat

221 806 511 867 geniculum,
547 812 684 861 negat
702 799 888 846 arterias
914 800 1139 860 abrumpi.

354 885 428 945 EJ.
466 884 749 943 Institutiones
776 880 1013 941 osteologicce
1037 885 1082 926 in
1110 880 1225 940 usum
1244 879 1559 941 praelefflionum
1583 878 1723 926 Acad.
1760 881 1880 930 Hail.
1910 892 2045 939 1749.
2064 880 2140 935 8.*
2179 881 2287 928 Pul·

225 948 345 996 chrae
371 950 525 994 icones
556 946 884 1004 embryonum,
920 942 1190 991 sceletorum
1213 942 1391 992 fetuum
1419 947 1683 990 tenuiorum
1701 978 1713 997 ‚
1751 942 1913 990 offium
1941 943 2250 992 difficiliorum
2267 978 2285 999 ‚

226 1026 279 1060 ut
305 1011 565 1059 ethmoidei.
633 1010 785 1056 Habet
818 1009 950 1054 etiam
988 1007 1300 1055 musculorum
1319 1006 1589 1056 insertiones
1616 1011 1658 1056 &
1693 1009 1958 1063 varietates,
2004 1022 2059 1057 ut
2096 1009 2211 1057 duos
2244 1012 2288 1057 &

225 1088 317 1125 tres
338 1076 547 1124 tendines
574 1071 770 1120 musculi
793 1072 966 1119 interni
989 1073 1151 1120 mallei.

351 1175 525 1237 EJUSD.
566 1171 919 1232 Observationum
942 1173 1514 1237 mzutomicarumfizsciculus
1536 1174 1571 1221 I.
1611 1173 1730 1222 Hali.
1753 1185 1886 1233 1752.
1909 1171 2024 1222 for*
2086 1175 2293 1223 Primum

227 1239 404 1300 colligit
425 1239 613 1285 rariores
642 1238 965 1286 adnotationes
994 1242 1270 1287 anatomicas
1305 1240 1472 1286 theatri
1502 1237 1596 1292 sui,
1638 1240 1758 1285 inter
1791 1256 1902 1299 quas
1938 1256 2035 1286 rara
2064 1240 2126 1286 est
2160 1257 2290 1287 venae

229 1321 349 1351 cavae
376 1302 617 1363 superioris
647 1303 856 1363 dupl-cis,
887 1306 928 1350 &
955 1305 1192 1351 variet-ates
1221 1303 1546 1351 musculorum.
1616 1303 1758 1350 Porro
1783 1302 2118 1350 observationes
2150 1302 2253 1364 ipsae
2273 1322 2290 1356 3

228 1369 426 1416 Feminae
450 1366 661 1428 gravidae,
682 1369 731 1412 in
753 1384 842 1427 qua
864 1380 1023 1415 uterus
1042 1367 1175 1415 craffa
1200 1368 1460 1415 membrana
1496 1371 1518 1426 (
1531 1365 1765 1414 accessoria
1785 1365 1815 1412 s.
1831 1367 1998 1414 caduca
2012 1366 2292 1425 HUNTERl)

230 1432 457 1479 obductus
477 1430 580 1478 fuit.
648 1432 783 1477 Fetus
796 1433 844 1477 in
860 1432 971 1478 tuba
986 1431 1180 1479 residens
1194 1433 1222 1479 s
1216 1449 1274 1480 ua
1297 1449 1402 1479 cum
1424 1434 1646 1492 placenta.
1715 1434 1876 1479 Ovum
1894 1449 2053 1478 verum
2066 1432 2295 1479 contineri

229 1513 417 1556 corpore
443 1497 592 1548 luteo,
624 1496 755 1554 quale
783 1508 914 1556 putat
949 1495 993 1543 se
1019 1496 1188 1543 vidiffe.
1255 1498 1327 1544 De
1362 1496 1652 1548 cicatricula3
1701 1496 1755 1542 de
1789 1495 1954 1550 modo,
2001 1513 2095 1558 quo
2123 1508 2290 1558 corpus

228 1562 404 1608 luteum
430 1561 739 1606 membranam
769 1561 917 1606 ovarii
941 1562 1209 1622 perrumpit.
1275 1559 1470 1608 Pulchra
1490 1561 1598 1607 icon
1618 1576 1835 1622 rugarum
1860 1561 2050 1623 vaginae.

367 1659 600 1718 Fasciculus
628 1660 688 1706 ΙΙ.
714 1656 894 1707 secutus
918 1659 979 1706 est
1007 1661 1129 1707 Hall.
1153 1667 1287 1719 1756.
1310 1657 1425 1707 for*
1491 1657 1748 1721 Descriptio
1775 1658 1895 1707 fetus
1930 1660 2100 1708 tubarii
2129 1660 2298 1721 permi-

231 1725 362 1779 nuti,
399 1726 586 1785 ejusque
619 1722 754 1784 figna.
843 1725 1095 1771 Tumorem
1123 1728 1294 1772 ventris
1329 1724 1550 1785 conjungi
1587 1741 1689 1771 cum
1720 1741 1797 1771 ore
1826 1727 1949 1772 uteri
1982 1741 2078 1772 non
2101 1737 2300 1773 mutato.

232 1788 349 1838 Fusa
374 1787 466 1836 diff.
491 1789 544 1835 de
574 1786 759 1835 fetubus
790 1788 1008 1842 tubariis,
1049 1792 1091 1836 ἃ
1125 1790 1423 1837 ventralibus.
1491 1789 1671 1835 Deinde
1697 1801 1849 1850 partus
1879 1790 2172 1851 bicorporeus
2198 1789 2304 1836 uni-

235 1871 366 1914 ceps,
402 1869 506 1900 curn
542 1852 722 1899 duobus
759 1853 1006 1900 commistis
1051 1855 1347 1915 corporibus,
1396 1855 1438 1900 δε
1474 1851 1698 1901 viscerum
1737 1851 2040 1915 vasorumque
2071 1865 2300 1902 anatome.

236 1917 463 1965 Vasorum
486 1917 629 1979 pelvis
657 1917 765 1963 icon
788 1919 942 1964 minus
966 1919 1114 1978 plena.
1183 1918 1365 1980 Vagina
1395 1915 1556 1965 bifida.

363 2019 440 2079 EJ.
477 2021 544 2064 De
568 2017 769 2080 confluxu
792 2021 927 2064 trium
951 2035 1160 2064 cavarum
1189 2022 1233 2064 in
1263 2019 1419 2066 dextro
1447 2016 1584 2064 cordis
1606 2017 1727 2065 alveo
1762 2019 1883 2065 Hall.
1904 2023 2040 2077 1763.
2063 2016 2146 2078 4*
2210 2019 2303 2068 Mi.

238 2100 287 2132 ra
307 2081 491 2130 fabrica.
560 2083 666 2129 Una
692 2081 852 2127 dextra
875 2098 994 2128 vena
1017 2099 1128 2128 cava
1150 2081 1353 2143 superior
1371 2116 1384 2137 ,
1421 2085 1559 2129 altera
1582 2081 1754 2130 sinistra
1780 2099 1885 2130 cum
1905 2100 2033 2131 ramo
2053 2101 2181 2133 venae
2209 2083 2304 2132 fine

236 2148 336 2210 pari
359 2145 493 2207 supra
512 2143 691 2207 septum
717 2144 1027 2192 transversum
1048 2145 1230 2193 inserta.

367 2230 541 2290 EJUSD.
573 2230 808 2274 Anatomia
827 2233 898 2274 ovi
912 2225 1087 2274 humani
1099 2227 1328 2289 fecundati
1346 2227 1575 2289 difflert's,
1612 2231 1816 2290 trimestri
1839 2228 1996 2276 abortu
2021 2229 2149 2292 elapfi
2178 2231 2304 2279 Hali.

245 2297 382 2351 1763.
408 2291 498 2366 4.*.
558 2294 765 2340 Alterum
794 2309 937 2340 ovum
961 2292 1098 2340 unius
1126 2291 1318 2347 mensis,
1355 2292 1452 2340 fetu
1484 2292 1592 2341 satis
1627 2294 1865 2341 articulato
1895 2292 2160 2342 fecundum.
2230 2296 2305 2342 Al-

242 2369 392 2405 terum
415 2373 575 2419 majus.

373 2440 478 2487 Una
502 2438 672 2500 prodiit
694 2440 857 2502 epzstola
882 2439 934 2486 de
956 2437 1113 2486 uracho
1138 2443 1182 2487 in
1209 2439 1358 2487 adulto
1375 2437 1539 2487 homine
1563 2452 1711 2503 aperto
1729 2460 1743 2494 ;
1780 2458 1872 2501 quo
1900 2452 2217 2490 commovetur
2233 2441 2302 2487 vir

195 2530 200 2531 ⁷
245 2504 317 2552 Cl.
343 2516 398 2550 ut
421 2504 738 2550 allantoideam
767 2505 1076 2550 membranam
1107 2505 1157 2550 in
1182 2503 1370 2550 homine
1397 2505 1636 2552 admittere
1667 2522 1764 2552 non
1793 2504 1985 2559 recuset.

377 2586 455 2646 EJ.
494 2589 563 2632 De
589 2590 722 2632 urinae
737 2585 786 2644 se
814 2584 872 2641 ἓξ
898 2590 1137 2631 excretione
1167 2585 1217 2631 oh
1240 2585 1561 2633 multitudinem
1580 2592 1847 2634 arteriarum
1873 2589 2084 2634 renalium
2099 2586 2303 2647 largiore,

248 2648 348 2708 casu
381 2649 566 2710 quodam
608 2650 814 2712 illzyirczta
863 2651 985 2696 Hall.
1015 2656 1149 2709 1763.
1186 2650 1271 2709 4*
1342 2653 1559 2709 Qatuor
1600 2664 1730 2699 erant
1770 2653 1942 2700 arteriae
1981 2651 2154 2697 renales
2177 2685 2193 2717 2.
2229 2666 2308 2697 ve-

250 2731 320 2761 nae
352 2725 460 2762 tres.

253 2858 302 2906 H
328 2859 355 2906 U
379 2796 488 2904 EJ.6
504 2799 572 2842 De
592 2806 755 2888 ngturu
781 2793 1171 2861 &77107*bz'5salzfvae
1200 2796 1369 2858 ejusque
1387 2795 1615 2859 necffzria
1640 2802 1878 2845 excretione
1906 2801 1990 2845 rite
2005 2793 2307 2860 promovenda

303 2875 325 2905 a
363 2895 372 2904 .
399 2872 454 2917 17
494 2871 533 2915 3.
560 2873 604 2918 4.

382 2940 458 3018 EJ.
491 2945 561 3009 De
572 2940 823 3004 pulmonum
847 2959 941 2992 cum
962 2941 1181 3007 &acephalo
1202 2942 1397 3003 consensit
1430 2945 1549 2991 Hall.
1575 2949 1709 3003 1763.
1735 2939 1818 3000 4.*

1281 3040 1330 3090 N
1347 3056 1380 3086 u
1415 3051 1438 3097 3
2229 3041 2308 3105 ΕΙ.
