2531 3394
284 146 383 195 450
702 100 832 174 ΜΒ.
880 126 967 171 rx.
1033 116 1444 170 ANATOMES
1494 83 1934 170 warnerio.

424 228 481 275 In
513 225 704 282 Journal
731 223 802 270 des
830 226 999 270 Savcms
1024 230 1158 276 1750.
1197 215 1366 263 Octob.
1399 215 1459 261 D.
1482 213 1689 261 Boussm
1730 213 1823 274 egit
1855 212 1907 261 de
1940 213 2165 275 l'ouraque
2207 211 2267 271 ἓξ
2297 212 2349 263 de

286 296 364 355 fim
390 293 523 354 usage.
591 291 649 336 In
674 288 856 335 arterias
884 283 1164 332 umbilicales
1195 279 1322 327 fibris
1350 276 1501 325 divisis
1527 275 1664 323 inseri
1683 280 1800 323 recte
1823 277 1954 324 vidit.
2358 297 2368 307 ·

424 375 527 422 Hoc
551 387 672 418 anno
703 367 942 416 Academia
963 365 1102 424 Regia
1126 361 1428 409 Scientiarum
1451 357 1646 406 Parisma
1674 357 1815 405 edidit
1842 369 2020 404 tomum
2048 359 2084 406 1.
2122 376 2351 407 commen-

300 440 521 488 rariorum
537 471 549 490 ‚
575 452 598 481 a
624 435 761 480 variis
790 433 857 477 Cl.
881 430 990 475 viris
1015 427 1164 473 secum
1192 425 1648 472 communicatorum.
1713 423 1921 469 Titulum
1951 420 2089 468 fecit:
2125 428 2354 472 Me'moir&

296 506 350 552 de
373 501 698 559 mathenmtiqne
729 495 786 552 ἓξ
814 495 865 540 de
888 491 1085 554 pliyfique
1104 489 1312 552 presentes
1333 491 1358 534 (l
1385 488 1556 534 l’Acad.
1595 490 1645 532 R.
1681 485 1751 531 des
1782 489 1966 532 Sciences
1982 497 2071 546 par
2103 487 2247 534 divem
2277 490 2352 549 sa,

296 585 431 620 varis,
463 564 521 621 ἐξ
545 565 608 610 lus
636 562 741 607 (lans
754 559 820 617 ses
849 555 1077 619 qllenzlvle'es
1105 554 1226 600 Paris
1255 566 1392 610 1750,
1414 551 1495 609 4*
1552 550 1822 596 Germanice
1847 547 1965 608 Lips.
1997 561 2130 606 1752-
2151 555 2228 608 4*
2280 552 2351 599 Ad
2399 565 2409 569 r

295 649 384 680 nos
410 630 517 677 facit
539 629 795 673 GODEHEU
824 621 875 666 de
904 622 1121 666 RivirLE
1147 618 1295 677 Eques
1313 650 1326 670 ,
1363 616 1416 661 de
1457 631 1590 661 eruca
1625 614 1745 660 inter
1780 613 1891 659 duas
1916 612 2106 660 laminas
2134 611 2353 662 foliorum

301 697 409 744 vitis
437 692 672 741 cuniculos
698 698 872 746 agente.

424 777 556 823 IDEM
583 771 632 817 in
657 770 762 830 Hist.
792 766 843 813 de
871 763 1041 812 l’Acad.
1072 774 1207 821 1751.
1246 760 1300 807 de
1327 758 1498 806 familia
1519 757 1749 807 Melitensi
1777 756 2088 819 sedigitorum.

425 858 565 903 Porro
596 853 646 897 in
673 853 805 896 Μόνη.
826 846 1035 908 presentes
1061 846 1114 892 T.
1134 845 1169 890 I.
1209 846 1423 890 BASSUEL
1457 842 1511 887 de
1543 858 1651 888 cava
1679 838 1790 886 facie
1819 840 2085 886 arteriarum
2126 838 2352 889 fusiffime.

301 922 435 971 Ostia
474 929 701 965 ramorum
742 914 805 958 ita
844 909 887 956 se
912 910 1081 957 habere
1115 906 1294 961 solent,
1344 918 1398 952 ut
1427 906 1573 952 media
1603 921 1704 967 pars
1739 916 1952 950 excavata
1980 902 2246 965 sanguinem
2281 906 2357 952 ad·
2423 930 2426 934 ·

298 988 453 1034 mittat
468 1018 480 1037 ,
517 982 655 1026 altera
678 988 729 1024 ut
747 974 920 1022 fornice
947 974 1156 1019 emineat.

433 1067 649 1113 TORREZ
678 1058 731 1104 de
759 1056 892 1103 corde
918 1051 1124 1106 inverso,
1161 1053 1283 1113 apice
1318 1049 1495 1098 sursum
1531 1048 1692 1111 posito.

439 1144 804 1194 MARCORELLE
835 1136 1143 1197 experimenta
1176 1133 1326 1180 statica
1356 1131 1448 1179 fere
1475 1149 1532 1178 ex
1560 1133 1849 1179 DODARTIO
1879 1128 2043 1178 sumta.

435 1229 492 1275 In
513 1221 707 1284 Swenska
740 1216 951 1278 Wetensk.
981 1216 1184 1264 Academ.
1209 1213 1451 1277 Handling.
1479 1215 1534 1261 T.
1550 1214 1633 1261 XI.
1674 1211 1816 1260 horno
1847 1213 1986 1260 unico
2014 1211 2189 1260 femore
2221 1214 2264 1261 ἃ
2297 1226 2361 1263 te-

306 1294 465 1343 sticulo
500 1303 651 1336 natus·
1987 1312 1990 1314 .

439 1375 713 1437 FAHLBERQ
746 1366 799 1412 de
829 1365 947 1412 vivis
979 1363 1029 1410 in
1053 1373 1195 1408 matre
1227 1360 1440 1421 anguillis
1469 1357 1587 1406 visis.

437 1457 693 1502 Hanovcrze
714 1447 982 1509 prodierunt
1002 1443 1189 1506 gelehrte
1209 1447 1454 1504 Anzeigen‚
1491 1442 1541 1487 in
1563 1440 1729 1501 quibus
1754 1456 1790 1486 a.
1817 1451 1954 1498 1750.
1977 1439 2031 1486 de
2059 1457 2196 1502 apum
2224 1459 2331 1489 cura
2345 1464 2358 1497 ;

306 1540 346 1572 a.
369 1532 502 1581 1751.
526 1517 579 1563 de
606 1515 740 1577 pullis
760 1510 890 1573 super
913 1509 1163 1569 lampadem
1188 1507 1387 1554 educatis
1417 1507 1566 1568 agitur
1584 1539 1596 1558 ‚
1632 1504 1685 1550 de
1719 1505 1870 1551 avium
1897 1505 2088 1565 pellibus
2114 1504 2359 1556 servandis.

819 1608 863 1665 §.
900 1607 1109 1655 MCIX.
1207 1609 1253 1659 J.
1285 1607 1486 1666 Georgius
1515 1604 1836 1659 Romnum,

436 1710 610 1763 incisor
639 1708 814 1760 noster,
852 1701 1070 1752 'Professor
1105 1703 1170 1749 rei
1194 1700 1489 1752 obstetriciae‚
1543 1699 1705 1745 deinde
1736 1715 1863 1745 meus
1903 1699 1952 1745 in
1979 1701 2244 1748 anatomicis
2269 1699 2366 1749 suc-

311 1779 474 1832 cessor,
512 1788 781 1839 prtematura
806 1783 952 1817 morte
984 1769 1221 1829 abreptus,
1259 1766 1382 1811 acuti
1408 1764 1582 1825 ingenii
1615 1764 1708 1816 vir,
1746 1763 1796 1808 in
1822 1764 2088 1811 anatomicis
2118 1763 2363 1819 mensuras,

312 1846 535 1906 pondera,
571 1841 850 1896 multamque
881 1831 1184 1880 curiositatem
1211 1829 1438 1876 adhibuit.

443 1927 563 1987 Ejus
591 1919 759 1979 thesium
787 1916 908 1963 decas
940 1914 1098 1976 dupla,
1140 1930 1195 1959 ex
1232 1927 1356 1957 more
1383 1910 1527 1970 patrio
1556 1907 1805 1969 proposita,
1846 1909 2086 1970 Argentor.
2123 1921 2259 1969 1750.
2291 1912 2367 1969 4.*

316 1989 423 2038 Offa
450 2005 544 2035 non
571 2004 595 2033 a
617 1981 837 2046 preffione
873 1979 1082 2031 formari,
1121 1977 1325 2036 exemplo
1358 1972 1649 2020 officulorum
1677 1973 1892 2019 auditus:
1938 1971 2120 2020 officula
2145 1975 2367 2035 triquetra

316 2053 613 2113 multiplicare
642 2059 794 2094 centra
823 2041 1150 2090 ossificationis.
1214 2041 1284 2086 De
1314 2037 1470 2085 sutura
1507 2035 1756 2096 squamosa.
1842 2037 1913 2082 De
1940 2037 2185 2098 ligamento
2221 2055 2244 2083 a
2277 2037 2367 2085 basi

323 2118 464 2179 spinae
488 2117 704 2174 cujusque
730 2108 948 2156 vertebrae
976 2118 1092 2152 orto.
1161 2104 1296 2151 Sinus
1333 2102 1587 2162 pituitarios
1615 2102 1772 2147 inanes
1791 2101 1932 2146 robur
1953 2101 2079 2146 vocis
2101 2101 2338 2148 intendere
2353 2121 2366 2154 ς

317 2180 529 2230 animalia
542 2176 762 2238 sagaciora
778 2171 874 2226 effe,
901 2171 1072 2231 quibus
1087 2169 1265 2215 laminis
1279 2166 1405 2213 osseis
1421 2167 1694 2225 repleantur,
1716 2176 1762 2210 at
1773 2180 1885 2210 voce
1897 2163 2048 2210 minus
2064 2165 2214 2211 flexili.
2252 2167 2373 2213 Nul-

319 2249 389 2294 lus
411 2244 502 2290 aeri
525 2241 580 2287 ad
607 2239 795 2300 pectoris
818 2251 978 2282 cavum
1003 2231 1194 2280 acceffus
1223 2243 1355 2291 patet.
1425 2229 1702 2276 Arteriarum
1725 2228 1772 2273 in
1788 2226 2005 2273 divisione
2018 2231 2174 2288 anguli.
2196 2227 2368 2290 semper

319 2307 573 2356 acutisunt.
642 2298 1103 2349 Arteriaum‘bilicalis
1118 2295 1413 2342 eundolatior
1431 2292 1496 2340 fit.
1562 2292 1752 2351 Sanguis
1770 2292 2031 2337 arteriarum
2047 2289 2370 2352 superioru'ma

318 2372 538 2433 sanguine
553 2362 1100 2414 arteriaruminFeriorum
1127 2376 1224 2406 non
1245 2355 1413 2405 differt.
1476 2353 1702 2402 Describit
1731 2371 1866 2415 porro
1895 2356 2104 2401 arteriam
2127 2358 2392 2411 axillarems'

320 2451 497 2484 ramum
528 2430 773 2492 lingualcm
807 2428 922 2487 paris
952 2426 1127 2477 οέὶανί,
1167 2427 1208 2471 &
1238 2424 1533 2483 ligamentum
1564 2420 1893 2465 denticulatum
1920 2418 2126 2465 medullae
2151 2418 2352 2481 spinalis.

448 2517 619 2576 EJUSD.
660 2515 727 2557 De
741 2510 841 2570 fetu
863 2508 1046 2569 pei-sebio
1073 2505 1164 2553 diff.
1210 2508 1394 2565 Argent.
1420 2515 1552 2560 1750.
1584 2498 1665 2559 4*
1700 2502 1883 2560 proprio
1913 2500 2064 2555 labore
2091 2512 2209 2548 nata.
2277 2502 2376 2547 Ma-

325 2580 484 2629 teriem
512 2581 561 2624 in
585 2573 686 2622 vasa
710 2572 830 2619 uteri
849 2569 1085 2630 impulsam
1105 2569 1290 2616 effluere
1310 2570 1359 2614 in
1382 2564 1640 2614 cellulosam
1670 2576 1878 2610 naturam
1903 2565 2243 2625 cotyledonum‚
2277 2579 2374 2610 non

318 2646 370 2693 in
396 2641 497 2689 vasa
521 2640 657 2687 fetus.
731 2639 784 2683 ln
811 2636 959 2681 vitulo
999 2634 1116 2695 vidit
1145 2650 1196 2679 os
1228 2645 1460 2692 apertum,
1494 2631 1535 2675 &
1569 2629 1878 2674 ventriculum
1911 2630 2084 2687 liquore
2110 2628 2250 2673 amnii
2285 2628 2375 2687 ple-

320 2725 454 2759 mum,
486 2720 620 2765 quem
643 2714 797 2749 tamen
822 2710 956 2757 negat
980 2697 1169 2742 nutrire.
1238 2694 1441 2741 Veficam
1466 2693 1584 2739 vidit
1603 2692 1885 2738 allantoideae
1899 2693 2066 2737 HALEI
2088 2689 2374 2744 simillimam,

323 2772 401 2819 sed
426 2770 590 2828 absqUe
608 2764 813 2824 macho.
866 2763 1045 2807 Βυᾶυε
1075 2758 1316 2806 arteriosus
1337 2754 1621 2804 molliffimus
1655 2755 1715 2800 est
1735 2789 1746 2807 ,
1790 2768 1842 2801 ut
1867 2753 2042 2800 facilius
2067 2755 2377 2814 conprimatur

327 2839 371 2882 a&
405 2831 681 2881 conferveat.
771 2827 1043 2886 Pupillarem
1087 2822 1399 2881 membranam
1443 2836 1468 2865 a
1510 2830 1633 2879 parte
1673 2818 1906 2877 posteriori
1945 2817 2106 2864 melius
2146 2817 2373 2878 adparere.

327 2896 567 2947 Urachum
587 2909 749 2941 cavum
770 2889 874 2943 effe,
909 2903 1045 2948 quem
1067 2887 1201 2932 etiam
1227 2885 1432 2944 depingit
1447 2917 1458 2936 ‚
1496 2895 1594 2928 tum
1619 2881 1860 2941 hymenem
1882 2882 1923 2926 &
1942 2881 2048 2927 alias
2075 2893 2221 2942 partes
2242 2880 2379 2929 fetus.

451 2978 527 3039 EJ.
565 2980 847 3038 Programmcr
874 2970 925 3018 de
952 2972 1026 3018 axi
1047 2967 1184 3032 pelvt‘a
1219 2966 1433 3026 G'Otting.
1460 2975 1592 3023 1752.
1619 2961 1703 3023 4.*
1766 2959 1994 3011 Mensurae
2029 2975 2235 3012 accurate
2261 2962 2383 3011 sum-

2307 3040 2380 3076 tae.
