2531 3394
633 118 1019 176 §.1023.1024.
1085 112 1422 179 JACOBUS
1477 74 1838 164 PAR‘soNs.
2011 128 2014 132 ·
2157 127 2256 175 335

202 249 324 304 Paris
349 256 483 305 1743.
509 251 550 300 8.
632 246 843 307 Princeps
877 245 1036 307 scopus
1078 243 1167 292 fuit
1203 241 1447 289 dissuadere
1480 239 1612 288 usum
1653 242 1968 291 medicamenti
2003 245 2262 307 lithontrip-

203 313 283 358 tici
319 313 675 358 STEPHANIANI
694 345 705 362 ,
739 313 854 357 circa
874 327 924 356 ca
947 323 1149 368 tempora
1177 305 1471 352 celeberrimi.
1522 303 1739 351 Praemisit
1757 318 1908 352 autem
1928 310 2076 368 aliqua
2104 327 2261 358 anato-

205 378 336 422 mica.
407 372 609 420 Velicam
635 372 824 434 superne
852 374 1056 420 latiorem
1089 372 1258 431 pingit,
1295 371 1420 416 utin
1451 386 1591 429 puero
1626 368 1668 414 se
1702 368 1853 416 habet.
1922 371 2109 419 Planum
2131 374 2264 422 fibra.

203 455 305 485 rum
334 439 572 499 longarum
615 441 816 484 anterius
848 439 890 483 &
926 435 1145 495 posterius
1181 434 1418 495 exprimit,
1463 433 1514 479 in
1543 431 1724 480 feminis
1752 434 1800 479 in
1837 434 2011 493 vaginae
2044 435 2262 496 sphindte-

203 519 328 556 rem,
366 503 414 548 in
442 503 550 548 viris
578 505 626 548 in
652 502 893 562 prostatam
923 498 1167 545 inmiss'um.
1236 499 1306 545 Ad
1332 499 1429 557 ejus
1456 498 1580 557 plani
1608 499 1746 544 latera
1774 498 1885 545 duas
1921 499 2102 546 latiores
2136 501 2259 560 quali

200 569 380 614 cellulas
409 566 618 613 delineat.
692 566 754 612 Ut
779 562 1020 610 nascantur
1044 562 1313 624 adpendices
1344 564 1392 608 in
1415 560 1556 607 velica
1585 563 1668 608 Sec.

329 650 404 709 EJ.
448 646 532 695 The
549 652 757 696 Croonian
769 646 941 692 leffium·
959 663 1011 691 on
1029 645 1242 704 muscular
1260 649 1417 691 motion
1445 643 1588 690 Lond.
1619 645 1848 702 1745·4·3*
1876 661 1978 691 cum
2006 649 2125 692 Tran
2145 647 2270 694 afflie-

205 733 306 762 mmt
326 711 976 773 Philosophicmwcmvolumine.
1045 711 1156 756 Tres
1182 711 1409 756 lectiones.
1478 707 1666 754 Refutat
1689 708 1852 768 scripta
1869 712 2099 769 priorum:
2125 709 2267 759 ‘fibras

207 778 519 826 musculorum
552 775 661 821 dicit
696 773 777 820 effe
804 774 1015 832 tubulos,
1060 791 1135 834 per
1166 773 1403 820 intervalla
1428 770 1797 818 intumescentes.
1888 776 2072 827 Aerem,
2111 777 2189 835 qui
2216 774 2270 822 fit
2315 797 2319 801 ·

212 843 395 904 spiritus
425 855 618 885 nerveus
636 874 647 892 ‚
680 838 758 885 has
790 837 928 884 fibras
951 841 1120 898 replere
1141 872 1152 890 ‚
1187 836 1259 883 sed
1280 837 1497 888 celerima,
1535 836 1718 895 quando
1746 838 1998 884 voluntatis
2025 839 2268 898 imperium

209 907 412 954 accedit:
456 904 518 950 ita
556 905 737 949 cellulas
766 902 998 948 breviores
1030 901 1129 948 fieri
1169 904 1211 948 &
1242 902 1453 953 latiores,
1505 901 1545 946 8<
1575 908 1721 945 aerem
1754 901 1994 947 intervalla
2024 905 2272 963 replentem

210 969 462 1029 comprimi.
535 968 649 1013 Eum
664 965 810 1027 ipsum
824 973 996 1018 aerem,
1030 966 1214 1025 quando
1233 966 1448 1011 voluntas
1464 964 1686 1016 remittit,
1722 977 1819 1010 tum
1845 963 2116 1025 sanguinem
2134 969 2272 1014 etiam

212 1033 416 1080 distentis
443 1030 569 1077 fibris
593 1030 747 1078 elisum
770 1065 781 1081 ,
821 1031 1002 1076 cellulas
1028 1030 1245 1076 fibrarum
1270 1030 1320 1075 in
1343 1030 1541 1088 priorem
1570 1028 1820 1089 angustiam
1846 1030 2073 1077 reducere.
2151 1033 2276 1079 Mul-

159 1146 161 1148 .
212 1112 311 1145 tum
340 1096 436 1142 haec
463 1112 566 1142 cum
596 1098 923 1146 BOERHAAVH
956 1093 1130 1140 theoria
1150 1092 1461 1140 consentiunt.

346 1181 400 1226 In
429 1182 563 1225 tertia
586 1177 847 1238 praeleffione
875 1175 927 1221 de
954 1189 1113 1228 utero,
1151 1177 1274 1222 tubis
1297 1178 1339 1222 &
1368 1176 1624 1236 ligamentis
1653 1175 1866 1222 rotundis
1891 1177 2007 1237 agit,
2044 1177 2192 1225 tribus
2220 1190 2274 1226 ut

216 1241 602 1306 putat'musculis.
684 1242 819 1287 Tunc
849 1238 1062 1287 feminam
1096 1256 1274 1300 parere,
1323 1240 1508 1300 quando
1539 1242 1725 1287 cervicis
1753 1239 1966 1287 craffities
2003 1242 2114 1288 adeo
2143 1243 2275 1289 dimi-

214 1321 326 1357 nuta
355 1307 439 1360 est,
480 1318 533 1352 ut
564 1308 797 1351 contracto
828 1316 958 1351 utero
984 1303 1176 1350 resistere
1205 1316 1401 1364 nequeat
1419 1339 1431 1358 ,
1473 1321 1574 1365 quae
1599 1304 1689 1351 fere
1714 1304 1774 1350 est
1795 1307 1980 1351 Antonii
2004 1307 2164 1354 PETIT
2191 1307 2276 1367 hy-

216 1371 424 1434 pothesis.
492 1371 671 1417 Tubam
702 1368 968 1430 peristaltica
989 1371 1035 1414 vi
1066 1385 1204 1414 ovum
1234 1369 1486 1421 adducere3
1535 1368 1838 1430 serpentinam
1875 1368 1955 1415 effe
1989 1371 2039 1416 in
2072 1372 2273 1430 virgine,

209 1438 264 1485 ‘in
293 1435 461 1482 femina
487 1433 671 1495 gravida
697 1436 895 1479 rectam:
933 1432 1331 1493 superfetationem
1362 1450 1458 1479 non
1485 1433 1601 1493 poii'e
1626 1433 1724 1480 fieri
1743 1467 1754 1486 ,
1793 1450 1896 1479 cum
1928 1434 1977 1479 in
2005 1436 2278 1495 graviditates

215 1502 336 1548 tubae
359 1517 451 1546 non
483 1496 649 1559 pollint
678 1498 732 1543 ad
759 1499 965 1544 ovarium
990 1498 1260 1558 pertingere.
1329 1499 1595 1559 Ligamenta
1620 1497 1820 1545 rotunda
1843 1497 2011 1552 facere,
2045 1499 2098 1545 'ut
2122 1512 2280 1546 uterus

213 1564 258 1612 se
283 1564 562 1625 aequabiliter
597 1562 852 1609 contrahat.

345 1647 464 1708 EJUS
498 1644 653 1692 human
677 1642 969 1706 physiognomy
1000 1643 1205 1705 explaind
1234 1647 1277 1689 in
1303 1642 1373 1690 the
1413 1648 1625 1692 Croonizm
1666 1645 1839 1692 [efflares
1871 1663 1925 1692 on
1965 1645 2035 1693 the
2063 1646 2280 1706 muscular

217 1715 377 1760 motion
394 1708 642 1772 oftheyear
669 1718 803 1766 1746.
820 1709 926 1767 4.*,
964 1725 1064 1769 quae
1079 1709 1306 1768 appendix
1326 1708 1385 1755 est
1398 1708 1788 1771 Philosophicarum
1810 1715 1851 1757 T
1847 1711 2159 1769 ranfizfffionmn
2183 1729 2280 1772 ejus

219 1777 343 1824 anni.
414 1775 583 1834 Scopus
620 1772 681 1818 est
716 1774 816 1818 viro
856 1774 924 1819 Cl.
967 1773 1222 1826 ostendere,
1279 1775 1358 1833 qui
1389 1773 1583 1820 musculi
1616 1775 1665 1819 in
1693 1791 1876 1834 quoque
1915 1776 2056 1821 animi
2101 1775 2279 1823 adfectu

222 1853 384 1902 agant,
426 1841 466 1885 &
497 1840 545 1884 in
566 1836 678 1883 facie
702 1835 994 1896 potiffimum.
1061 1838 1214 1898 Negat
1235 1839 1533 1884 orbicularem
1561 1833 1874 1899 palpebrarum
1896 1838 2152 1886 musculum
2177 1857 2286 1887 ocu-

222 1909 319 1953 lum
343 1903 573 1955 claudere,
617 1904 657 1948 &
684 1901 731 1947 id
764 1899 969 1948 officium
997 1902 1130 1947 unice
1170 1900 1298 1948 fibris
1333 1903 1519 1955 tribuit,
1557 1920 1657 1963 quae
1689 1901 1796 1950 sunt
1833 1906 1882 1949 in
1914 1905 2125 1964 palpebra
2156 1903 2282 1964 supe-

223 1971 356 2017 riore.
428 1968 590 2026 Neque
619 1966 818 2026 obliquis
852 1964 1066 2012 musculis
1093 1967 1212 2012 oculi
1244 1967 1520 2013 rotationem
1550 1969 1796 2027 relinquit,
1838 1985 1937 2028 qua:
1963 1986 1988 2014 a
2014 1967 2119 2015 solis
2152 1969 2283 2015 rectis

224 2033 428 2099 pendeat.
515 2032 665 2092 Negat
698 2031 748 2075 in
780 2042 974 2090 utroque
1012 2032 1144 2076 oculo
1184 2031 1503 2092 cognominem
1546 2030 1801 2078 musculum
1839 2046 2088 2094 utrumque
2124 2034 2286 2080 eodem

226 2112 426 2157 tempore
456 2093 572 2156 poffe
600 2093 824 2141 contrahi.
895 2095 1237 2141 Buccinatorem
1271 2094 1406 2141 habet
1435 2112 1516 2155 pro
1551 2111 1723 2156 organo
1763 2095 1996 2150 cachinni,
2040 2110 2285 2144 cutaneum

225 2179 306 2223 pro
332 2162 422 2206 oris
448 2172 666 2219 apertore.
736 2159 846 2204 Inde
874 2157 1031 2205 transit
1052 2159 1105 2204 ad
1136 2157 1553 2219 physsognomiam‚
1591 2177 1726 2220 quam
1751 2163 1914 2220 repetit
1941 2178 1965 2207 a
1986 2164 2129 2208 multa
2149 2162 2286 2208 actio-

228 2243 284 2272 ne
313 2223 511 2284 ejusdem
538 2222 756 2275 musculi,
793 2223 914 2269 unde
945 2223 1085 2268 robur
1114 2221 1317 2282 superius
1340 2223 1573 2283 adquirat,
1618 2227 1659 2271 &c
1691 2226 1826 2271 etiam
1854 2238 1966 2271 tunc
2000 2227 2286 2285 aliquantum

225 2305 353 2350 agere
366 2288 588 2339 videatur,
619 2287 803 2348 quando
817 2288 853 2333 is
872 2289 1116 2347 praevalens
1130 2285 1332 2333 adfeftus
1347 2291 1548 2334 animum
1567 2305 1796 2335 nuncnon
1810 2292 1964 2350 agitat,
1989 2291 2126 2349 inque
2139 2289 2286 2335 homi-

233 2371 290 2400 ne
312 2354 401 2399 laeti
424 2353 596 2411 ingenii
616 2350 808 2398 musculi
834 2353 989 2413 gaudii
1004 2352 1173 2397 indices
1189 2351 1429 2398 videantur
1442 2350 1767 2413 conspectiores
1785 2388 1796 2402 .
1834 2353 2003 2401 etiamfi
2028 2370 2154 2400 mens
2167 2370 2290 2400 nune

229 2419 359 2464 nullo
385 2416 549 2477 gaudio
577 2415 802 2462 adficitur.
872 2419 1087 2475 Qpietem
1117 2416 1258 2461 animi
1284 2414 1523 2477 adgnosci,
1559 2417 1681 2477 quod
1712 2419 1865 2464 nullus
1890 2417 2193 2464 musculorum
2226 2416 2288 2461 fa..

231 2482 316 2529 ciei
343 2480 528 2539 reliquis
557 2481 808 2539 praevaleat.
892 2481 1247 2526 venerationem
1277 2497 1330 2525 ex
1363 2483 1496 2527 oculo
1527 2480 1701 2528 sursum
1728 2481 1855 2528 verso
1884 2482 2126 2543 distingui,
2166 2483 2203 2526 8<
2232 2497 2289 2525 ex

233 2547 410 2593 ac‘tione
438 2541 748 2590 consentiente
774 2541 1083 2589 musculorum
1124 2544 1281 2589 oculos
1321 2545 1573 2591 levantium
1607 2548 1646 2592 &
1679 2546 1925 2606 palpebras.
1993 2547 2046 2592 In
2072 2543 2286 2590 defide'rio

233 2612 448 2658 ruborem
475 2609 706 2660 accedere,
749 2609 789 2653 &
820 2609 977 2653 oculos
1009 2607 1064 2653 ad
1099 2606 1396 2654 desideratum
1423 2608 1651 2667 objedtum
1685 2610 1906 2656 coiiflecti.
1989 2611 2097 2656 Non
2129 2624 2288 2653 omnes

236 2687 448 2721 caeterum
482 2670 739 2728 adfedluum
774 2669 1046 2717 characteres
1078 2683 1282 2717 accurate
1319 2672 1538 2733 expressos
1568 2672 1695 2720 fuifl'e
1728 2673 1904 2725 credas,
1956 2689 2102 2731 neque
2140 2670 2291 2732 despe-

236 2740 483 2789 rationem,
520 2752 667 2795 neque
694 2733 1044 2789 aversationem,
1074 2752 1221 2795 neque
1250 2749 1549 2784 contemtum.
1620 2740 1674 2784 In
1695 2736 1783 2783 risu
1807 2740 2078 2783 oculoscum
2098 2753 2173 2782 ore
2191 2752 2291 2782 mu-

239 2802 351 2854 tari,
390 2804 432 2848 &
461 2817 512 2847 os
543 2800 730 2860 aperiri,
767 2799 876 2845 dum
906 2800 1028 2845 oculi
1054 2800 1345 2846 clauduntur.
1412 2802 1641 2861 Lacrymis
1666 2818 1761 2847 non
1779 2817 1907 2860 putes
1933 2801 2105 2860 copiam
2129 2800 2292 2845 humo-

239 2881 343 2910 rum
369 2864 673 2926 stagnantium
698 2864 859 2909 minui.
927 2865 1120 2924 Myopes
1148 2865 1308 2910 melius
1337 2866 1480 2925 legere
1507 2866 1621 2912 libro
1649 2866 1703 2910 ad
1722 2866 1835 2910 latus
1854 2861 2012 2922 posito,
2034 2867 2152 2912 recta
2170 2864 2291 2911 enim

243 2925 276 2973 fi
297 2944 385 2992 prae
404 2925 447 2975 se
467 2927 737 2983 habuerint,
775 2927 926 2976 dolere
950 2940 1158 2991 agentem
1179 2940 1428 2991 utrumque
1458 2929 1748 2977 adductorem
1776 2928 1912 2975 oculi.

2218 3024 2295 3085 EJ.
