2531 3394
250 99 346 148 454
596 82 602 87 ·
661 84 802 132 Lm
840 85 932 131 zx.
998 79 1418 130 ANATOMES
1462 78 1908 131 PERFECTIO.
1960 60 1964 62 ’

383 220 450 262 De
473 214 723 263 animalium
752 215 892 263 calore
934 214 1143 274 Gotting.
1173 217 1309 268 1758.
1338 208 1423 269 4.*
1486 211 1600 257 Non
1634 209 1716 256 effe
1751 227 1777 257 a
1810 210 1946 260 friCtu
1986 214 2122 276 nimis
2162 215 2308 262 molli.

253 281 413 342 Frigus
454 278 752 327 febrilecum
795 278 1064 327 vehemente
1108 275 1280 333 adtritu
1325 274 1561 336 conjungi.
1641 274 1803 337 Frigus
1833 276 1914 323 effe
1944 293 1969 324 a
1998 275 2309 326 contrastion‘e

254 343 541 398 convulsiva,
578 345 771 392 calorem
799 361 823 390 a
845 345 1026 390 laxitate
1052 340 1290 388 fibrarum.
1664 353 1673 357 “
2243 373 2247 374 ⁷

383 431 451 474 De
477 427 723 487 oscitatione
748 430 792 472 in
813 426 943 471 enixo's
975 424 1185 483 G'otting.
1206 427 1340 480 1758.
1364 418 1445 479 4*
1510 421 1582 466 De
1622 418 1763 466 causis
1793 418 2014 468 oscitandi
2047 424 2097 469 in
2124 424 2311 471 univer.

252 489 366 538 sum·
434 492 726 538 Debilitatem
746 490 793 535 in
819 490 949 534 enixa
975 485 1237 548 fignificare.
1307 487 1490 531 Partum
1517 500 1596 544 per
1620 482 1831 530 somnum
1856 486 2011 531 matris
2037 485 2137 532 fieri
2159 505 2184 534 a
2202 505 2311 535 con.

250 553 457 607 vulfione
485 556 628 604 totius
651 556 874 614 corporis,
909 569 933 598 a
953 563 1100 597 morte
1125 550 1281 596 matris
1310 560 1491 610 partum
1517 546 1602 594 soli
1624 549 1744 594 uteri
1770 550 2072 595 contractioni
2099 550 2266 598 deberi.

393 637 710 697 Observationes
735 634 787 680 sle
811 632 978 679 cerebro
1014 632 1226 691 Gotting.
1249 637 1387 689 1758.
1409 628 1493 689 4.*
1558 630 1615 676 In
1641 642 1792 686 mente
1822 631 1964 692 captis
1988 647 2086 678 non
2113 633 2309 681 calculos

253 702 304 750 in
329 702 496 763 pineali
518 700 755 762 glandula,
787 695 861 743 sed
891 695 995 743 vasa
1021 694 1269 757 sanguinea
1300 711 1460 741 cruore
1486 695 1620 754 plena
1646 694 1829 754 reperit.

382 783 592 841 Princeps
616 781 704 826 viri
726 780 793 826 Cl.
830 795 943 839 opus
984 779 1219 838 Gottingae
1253 788 1387 835 1759.
1420 773 1536 821 fot*
1565 775 1763 835 prodiit,
1811 780 1949 823 icones
1982 781 2099 823 uteri
2134 775 2311 825 humani

257 847 607 906 observationibus
631 845 853 902 illzgft‘ratae.
920 843 1032 889 Non
1055 842 1166 888 adeo
1188 857 1351 902 magna
1377 841 1553 886 ratione
1578 840 1721 899 magis
1746 839 1925 887 dilatari
1951 839 2148 888 fundum
2174 843 2308 896 uteri,

255 928 390 972 quam
404 911 628 970 reliquum
645 906 805 960 visc'us,
820 922 897 967 per
911 904 1142 952 mensuras
1156 905 1365 951 ostendit.
1415 901 1642 949 Craffities
1656 905 1777 949 uteri
1793 907 2139 965 praegnantium,
2155 907 2310 966 potius

255 977 433 1027 minor,
470 973 525 1019 ad
553 971 809 1018 semuncem
838 969 1014 1029 usque3
1050 986 1075 1016 a
1101 982 1235 1030 partu
1260 968 1430 1029 major,
1481 969 1523 1013 ἃ
1559 963 1742 1013 crasfius
1771 984 1935 1028 corpus
1968 970 2121 1022 uteri,
2170 986 2309 1029 quam

257 1038 443 1086 fundus.
508 1037 650 1083 Fibrae
677 1032 941 1081 musculosae
972 1034 1116 1087 uteri,
1152 1049 1280 1080 venae
1306 1032 1530 1077 maximae.
1601 1031 1810 1077 Placenta
1838 1033 1996 1079 alienis
2020 1034 2131 1079 locis
2153 1032 2310 1080 adnas-

257 1119 376 1150 cens.
444 1102 573 1148 Uteri
599 1099 772 1160 gravidi
801 1100 939 1150 icon,
975 1098 1096 1145 tubae
1125 1095 1237 1157 saepe
1265 1097 1326 1143 cis
1351 1095 1515 1142 ostium
1546 1094 1755 1141 dilatatae.
1826 1094 1943 1141 Vasa
1969 1097 2088 1142 uteri
2118 1097 2307 1157 gravidi.

257 1168 393 1214 Fetus
408 1163 622 1211 semestris
639 1165 703 1223 23.
718 1162 852 1210 libras
867 1161 1080 1222 pondere.
1110 1163 1365 1221 Nunquam
1380 1158 1471 1207 visa
1486 1158 1756 1205 allantoidea
1775 1160 1942 1206 tunica.
1982 1161 2156 1206 Contra
2170 1159 2308 1208 situm

256 1231 480 1277 lateralem
512 1230 727 1275 OULDH.
795 1227 968 1272 Iterum
995 1237 1151 1272 contra
1179 1227 1296 1271 uteri
1327 1240 1430 1270 cum
1455 1225 1657 1284 placenta
1686 1239 1870 1269 nexum.
1940 1222 2056 1270 Vasa
2080 1225 2200 1271 uteri
2228 1226 2310 1271 mi-

259 1296 378 1340 nime
411 1294 586 1353 patula,
624 1291 790 1338 obduci
813 1291 1073 1336 membrana
1102 1287 1285 1342 villosa,
1323 1287 1434 1334 ostia
1457 1288 1612 1347 patula
1641 1303 1718 1347 per
1743 1287 2008 1333 violentiam
2039 1285 2174 1334 nasci.
2228 1291 2311 1335 Ar-

258 1358 379 1404 teriae
409 1373 556 1416 parvae
580 1358 620 1402 ἃ
646 1354 938 1415 serpentinae,
973 1351 1211 1400 transeunt
1237 1353 1288 1398 in
1315 1353 1572 1398 velamenta
1596 1348 1740 1403 fetus,
1778 1367 1926 1411 neque
1952 1368 2055 1397 cum
2078 1351 2189 1399 vafis
2209 1369 2310 1398 um-

257 1422 511 1467 bilicalibus
538 1420 893 1466 communicant.
962 1418 1097 1465 Sinus
1123 1417 1309 1463 cervicis
1329 1416 1450 1462 uteri
1480 1414 1536 1460 ad
1567 1415 1664 1476 ejus
1690 1412 1894 1461 osculum
1921 1413 2135 1461 conversi.
2203 1418 2310 1463 Ova

254 1486 502 1533 NABOTffl
530 1497 610 1530 aut
635 1500 660 1529 a
685 1484 844 1529 morbo
872 1481 1014 1535 fiunt,
1055 1494 1134 1527 aut
1152 1498 1176 1527 a
1201 1481 1502 1527 maceratione
1518 1479 1566 1525 in
1589 1480 1718 1538 aqua.
1786 1480 1954 1526 Uterus
1971 1495 2065 1525 non
2094 1480 2307 1540 gravidus

254 1565 333 1609 per
347 1550 487 1595 varias
504 1560 653 1594 aetates
674 1545 949 1606 descriptus:
980 1547 1179 1592 anterius
1192 1545 1374 1605 longior
1390 1543 1464 1589 est.
1504 1541 1680 1590 Ostiola
1696 1541 2118 1589 mensesfundentia
2133 1556 2185 1589 eo
2200 1556 2312 1590 tem-

255 1629 363 1673 pore
404 1610 627 1673 conspici,
679 1627 771 1671 quo
804 1611 841 1657 is
876 1609 1056 1671 sanguis
1085 1609 1360 1655 excernitur.
1427 1607 1629 1655 Unicum
1671 1609 1862 1653 ovulum
1902 1604 2043 1653 solere
2085 1608 2232 1668 majus
2267 1609 2310 1654 &

254 1675 378 1735 quasi
400 1690 630 1722 maturum
656 1673 736 1721 effe
759 1692 770 1720 ε
806 1691 903 1720 non
934 1674 1119 1734 reperiri
1141 1674 1190 1720 in
1214 1670 1466 1719 infantibus
1491 1686 1678 1730 corpora
1700 1671 1848 1724 lutea,
1899 1687 2000 1731 quae
2034 1670 2229 1732 denique
2257 1672 2310 1719 in

256 1739 545 1787 cadavercula
577 1739 866 1801 degenerant.
933 1736 1163 1785 Mensurae
1196 1737 1393 1797 partium
1420 1735 1539 1782 uteri
1571 1737 1611 1781 &
1636 1735 1795 1780 ovarii.

385 1822 462 1882 EJ.
512 1826 581 1869 De
600 1818 845 1882 pathologia
863 1817 1163 1882 pbjfiologiam
1199 1818 1458 1881 informante
1503 1816 1718 1878 Gotting.
1748 1829 1882 1876 1759.
1908 1815 1991 1877 4.*
2056 1819 2307 1865 Hominem

255 1903 489 1947 nunquam
513 1884 704 1946 perfecte
731 1879 890 1930 sanum
920 1883 1016 1930 effe.

386 1968 459 2029 EJ.
492 1970 561 2013 De
574 1965 797 2026 submerfis
822 1983 935 2026 aqua
970 1965 1180 2025 Gotting.
1203 1970 1337 2021 1760.
1359 1960 1439 2022 4..ἰν
1504 1964 1612 2010 Duo
1642 1964 1868 2022 exempla,
1906 1964 1956 2010 in
1981 1963 2149 2024 quibus
2181 1965 2308 2011 nulla

254 2034 305 2080 in
330 2030 586 2078 ventriculo
610 2047 727 2090 aqua
752 2028 850 2076 fuit.
919 2029 1148 2076 Animalia
1170 2026 1337 2074 fatetur
1365 2044 1527 2088 aquam
1553 2027 1790 2086 deglutire,
1816 2028 1896 2087 qui
1915 2044 2010 2074 mea
2030 2029 2309 2088 experimen-

254 2108 303 2141 ta
327 2094 515 2205 Vl‘ffmt·
581 2095 636 2140 In
668 2095 764 2141 aliis
801 2092 1067 2140 hominibus
1107 2094 1149 2139 &
1179 2090 1273 2153 ipse
1299 2107 1463 2153 aquam
1497 2092 1548 2138 in
1584 2092 1841 2138 ventriculo
1873 2092 2053 2151 reperit.
2120 2092 2175 2138 In
2209 2093 2312 2153 pul-

253 2172 383 2206 mom
415 2175 468 2205 us
500 2174 630 2218 aqua.

380 2241 455 2301 EJ.
495 2243 563 2285 De
585 2244 708 2286 taenia
737 2240 797 2286 ib.
814 2245 950 2299 1760.
976 2237 1059 2298 4.*
1093 2238 1189 2299 ejus
1215 2237 1478 2291 canalibuS,
1514 2235 1644 2285 fibris
1669 2234 2024 2289 muscularibus,
2062 2237 2187 2283 ladle.

310 2386 338 2432 b
372 2322 448 2382 EJ.
480 2325 548 2368 De
572 2321 804 2385 infantibus
828 2328 873 2369 in
896 2333 1035 2383 partu
1053 2319 1271 2381 suffocatis
1303 2319 1364 2366 ib.
1387 2325 1523 2378 1760.
1544 2320 1624 2378 4*
1658 2318 1935 2379 Sanguinem
1968 2318 2022 2365 ab
2045 2320 2157 2365 aeris
2186 2320 2310 2366 tad'tu

252 2402 308 2433 ru
343 2402 427 2432 ere.

384 2468 458 2528 EJ.
494 2470 563 2513 De
573 2466 747 2514 arcubus
761 2466 962 2513 tendinezis
979 2465 1262 2524 musculorum
1278 2463 1506 2527 originibm
1522 2463 1585 2511 ib.
1607 2470 1742 2523 1760.
1762 2463 1845 2525 4*
1877 2464 2030 2525 Progr.
2046 2465 2081 2511 I.
2098 2465 2140 2511 ὃς
2154 2464 2212 2511 H.
2239 2465 2310 2511 Ex

247 2529 512 2590 aponevrofi
524 2547 684 2590 nempe
699 2531 891 2591 prodire,
918 2531 1095 2588 quoties
1110 2528 1334 2590 subjectus
1353 2527 1580 2575 musculus
1597 2546 1646 2575 os
1661 2530 1774 2589 tegit
1790 2547 1804 2581 3
1841 2530 2043 2588 exempla
2059 2529 2108 2574 in
2132 2528 2308 2588 pollicis

248 2595 492 2641 adduc-'tore
510 2629 521 2647 ,
540 2595 588 2640 in
603 2593 951 2654 diaphragmate,
969 2595 1017 2638 in
1035 2593 1200 2639 flexore
1214 2594 1353 2653 longo
1369 2593 1616 2653 digitorum
1636 2594 1777 2653 pedis,
1793 2593 1843 2639 in
1861 2592 1958 2638 aliis
1979 2592 2155 2651 reperit.
2205 2591 2308 2637 Alia

251 2658 310 2704 ad
335 2656 564 2705 musculos
584 2659 888 2719 &ligamenta
906 2672 1080 2702 manus.
1148 2658 1219 2703 De
1245 2656 1439 2703 arcubus
1462 2656 1687 2703 tendineis
1709 2654 2060 2716 diaphragmatis
2083 2666 2304 2701 accurate.

377 2740 446 2786 Ad
465 2743 794 2788 Commentarios
808 2742 899 2785 Soc.
916 2740 1018 2798 Reg.
1036 2740 1099 2783 Sc.
1120 2744 1255 2794 1761.
1281 2738 1478 2784 ineditos
1503 2736 1809 2797 suppeditavit
1835 2735 2182 2795 descriptionem
2210 2751 2308 2781 ver-

250 2804 393 2850 mium
411 2820 567 2863 parum
582 2816 797 2850 notorum
811 2801 1000 2848 humani
1013 2802 1227 2860 corporis,
1244 2800 1350 2847 sexu
1364 2801 1690 2853 distind'torum,
1707 2816 1904 2860 quorum
1919 2799 1952 2844 st
1964 2801 2096 2844 minae
2110 2799 2160 2844 in
2176 2814 2309 2845 cana-

251 2867 371 2913 libus
390 2865 676 2914 seminalibus
692 2867 828 2913 ovula
840 2867 1093 2916 continent,
1116 2880 1258 2910 mares
1272 2881 1314 2909 m
1323 2881 1458 2911 ucum
1480 2863 1807 2923 spermaticum.
1881 2862 2108 2909 Ascurides
2128 2861 2218 2908 fere
2244 2861 2307 2908 fe-

249 2931 396 2976 minas
410 2929 504 2983 effe,
522 2933 620 2978 ovis
636 2932 804 2992 plenas.
850 2930 906 2976 In
919 2928 1075 2975 multis
1091 2928 1312 2987 ejusmodi
1327 2927 1593 2974 animalibus
1608 2928 1777 2976 canalis
1789 2926 2064 2977 alimentaris
2076 2929 2224 2976 ,rectus
2241 2926 2306 2973 est

253 2995 295 3041 Sc
317 2994 595 3056 longitudini
621 3011 702 3057 par
728 2994 933 3044 animalis
951 3027 965 3049 ,
999 2990 1224 3041 seminalis
1253 3008 1361 3042 vero
1392 2991 1686 3043 convolutuS.
2195 3022 2307 3073 Alio,
