2531 3394
278 117 372 171 302
670 108 805 156 LIB.
851 97 948 155 IX.
1014 100 1437 153 ANATOMES
1490 101 1946 163 PERFECTIO.

279 254 418 302 porro
441 228 727 294 extendatur,
752 235 1127 301 ponderaaugeri
1149 234 1201 283 in
1219 234 1595 296 majori‘ratione,
1625 237 1762 297 quam
1781 234 2077 287 extensiones.
2125 239 2340 289 Nervam

277 304 434 352 minus
461 302 506 350 se
524 302 752 351 retrahere
780 320 915 365 quam
942 299 1190 362 sanguinea
1218 298 1320 348 vasa
1339 318 1353 346 ε
1389 300 1568 347 minora
1598 298 1703 348 vasa
1728 298 1905 348 facilius
1928 304 2091 365 rumpi.
2157 306 2336 353 Iterum

246 384 247 387 ’
277 384 378 417 non
403 366 647 417 tumescere
671 369 852 431 ligatam
883 366 1105 414 arteriam.
1173 367 1378 413 Multum
1407 365 1575 412 tribuit
1598 365 1771 426 laqueis
1794 366 2062 415 arteriarum
2084 368 2306 423 nervosis.

409 451 538 499 Inter
571 450 855 514 diffi’rtations
882 448 964 508 sur
997 447 1035 494 le
1060 459 1325 496 mouvement
1364 447 1435 494 des
1468 446 1637 506 muscles
1670 447 1822 493 Berlin
1848 459 1982 507 1753.
2008 447 2091 508 4.*
2124 450 2336 507 excusas,

280 531 327 564 n.
352 522 426 564 20.
454 516 635 563 videtur
667 515 806 561 nostri
831 513 911 559 effe
932 513 1128 560 auetoris
1147 547 1159 566 ,
1195 529 1250 559 ex
1280 514 1494 559 electricis
1524 513 1869 572 experimentis,
1907 529 1963 558 ex
1985 513 2177 573 repetito
2209 533 2340 578 argu-

282 586 440 628 mento
467 596 492 627 a
514 582 733 641 parvitate
757 593 1001 624 nervorum
1032 576 1205 630 cordis,
1240 575 1438 623 aliunde.
1507 577 1659 637 Negat
1679 576 1918 622 vinculum
1949 590 2089 624 aortae
2119 578 2339 639 injectum

279 643 501 706 paralysin
515 643 670 691 facere.
738 643 835 689 Fila
850 639 1102 689 musculosa
1124 642 1174 687 in
1187 640 1498 687 contractione
1514 657 1539 686 a
1559 639 1602 686 se
1620 641 1816 687 invicem
1833 641 2052 694 recedere,
2085 654 2139 688 ut
2151 643 2343 704 inexpe-

280 710 479 757 rimento
498 707 676 761 viderit,
696 705 950 768 ‘postquam
969 706 1193 752 actionem
1213 703 1467 752 electricam
1492 714 1778 767 receperunt.
1846 702 2112 752 Musculum
2133 719 2342 767 agentem

282 771 339 821 ad
365 786 539 835 partem
572 772 788 818 decimam
820 768 1131 817 intumescere.

412 852 694 916 DlJJertation
739 851 846 899 dans
889 851 1063 914 laquelle
1100 868 1153 899 on
1195 847 1413 898 recherche
1449 861 1655 898 comment
1681 851 1783 898 l'az'r
1802 852 1983 912 ficivant
2001 850 2069 910 ses
2102 850 2350 912 differentes

260 934 263 937 ’
286 919 464 982 qualite's
495 922 583 980 agit
599 918 681 978 sur
707 917 745 963 le
772 929 891 979 corps
918 915 1091 963 humain
1124 916 1397 962 Bourdeaux
1423 928 1556 973 1754.
1581 916 1658 973 4.*
1689 917 1731 962 &
1757 917 1808 961 in
1834 915 1943 977 chef}
1964 916 2182 962 cl'aeuvres.
2252 916 2345 964 Cu-

285 995 377 1031 tem
410 999 507 1029 non
538 983 656 1029 ultra
681 993 853 1041 partem
879 979 1140 1042 vigesimam
1175 982 1383 1041 quintam
1404 977 1573 1040 absque
1601 979 1757 1026 dolore
1789 979 1996 1026 distendi.
2062 981 2260 1026 Nullum
2291 982 2345 1032 in

285 1046 506 1109 sanguine
537 1044 618 1092 effe
640 1046 754 1092 aeris
777 1045 1015 1093 indicium.
1084 1046 1197 1092 Non
1219 1055 1350 1105 putat
1379 1044 1476 1091 vivi
1502 1041 1620 1104 poffe
1646 1044 1696 1090 in
1720 1051 1835 1097 a'e're,
1867 1044 1998 1104 cujus
2025 1045 2144 1091 calor
2165 1042 2347 1106 sangui.

283 1112 357 1158 nis
389 1110 532 1158 nostri
563 1111 756 1158 calorem
782 1108 976 1170 superet.
1045 1109 1350 1168 Duodecuplo
1391 1107 1623 1169 pulmonis
1665 1109 1831 1161 molem
1867 1107 2040 1161 minui,
2078 1105 2111 1153 si
2138 1121 2351 1165 accurate¹

281 1175 547 1223 inaniveris.
615 1175 727 1221 Non
752 1174 881 1221 valde
909 1175 960 1221 in
991 1175 1208 1235 pulmone
1237 1171 1506 1232 sanguinem
1537 1173 1696 1233 premi.
1764 1175 1928 1220 Aerem
1955 1170 2240 1220 thoracicum
2271 1172 2348 1220 ad-

283 1240 440 1289 mittit.
509 1239 779 1286 Pulmonem
808 1236 888 1285 effe
911 1237 1145 1300 sanguinis
1178 1237 1514 1284 diverticulum.

416 1323 549 1370 Hanc
595 1323 637 1368 &
679 1319 790 1380 disp.
831 1320 883 1367 de
914 1321 1074 1368 afflone
1113 1319 1515 1368 medicamentorum
1554 1323 1771 1372 Xaverius
1801 1318 2053 1371 MANETTI
2104 1318 2348 1368 Florentiae

289 1398 427 1451 ³754.
451 1389 529 1447 4.*
556 1386 717 1433 excudi
736 1384 844 1432 fecit
869 1386 1026 1432 Italice
1047 1383 1212 1439 versas,
1239 1385 1453 1446 notisque
1476 1384 1736 1432 illustratas.

415 1470 507 1530 EJ.·
529 1466 792 1531 Phjfiologiae
822 1471 1065 1515 anatomicae
1086 1467 1287 1514 elementa
1308 1465 1473 1527 absque
1495 1482 1617 1513 anno
1643 1466 1761 1513 edita
1789 1480 1966 1511 mecum
1988 1465 2353 1513 communicavit

286 1535 396 1582 olim
425 1535 523 1582 ILL.
545 1537 593 1589 J.
617 1533 790 1581 Samuel
811 1532 863 1579 de
885 1534 1105 1580 BERGER·
1176 1533 1289 1579 Non
1317 1531 1434 1592 posse
1460 1532 1509 1578 in
1540 1529 1750 1578 machina
1787 1530 1918 1576 aliam
1956 1541 2118 1590 praeter
2151 1531 2356 1581 animam

284 1596 463 1646 causam
487 1609 639 1645 motus
662 1595 758 1645 effe.
829 1597 961 1645 Vires
986 1597 1252 1644 arteriarum
1288 1596 1344 1643 ad
1374 1613 1511 1644 venas
1539 1594 1734 1642 faciebat
1763 1594 1941 1640 nimias.
2011 1594 2227 1640 Eamdem
2265 1593 2357 1641 effe*

284 1660 497 1711 vasorum
523 1664 573 1710 in
595 1661 764 1709 adultis
791 1662 833 1708 &
863 1659 1048 1709 fetubus
1072 1663 1442 1722 proportionem,
1481 1676 1678 1707 numero
1710 1657 1814 1705 vasa
1844 1658 1895 1704 in
1929 1656 2094 1705 adultis
2122 1656 2349 1719 superare.

286 1727 520 1775 Caeterum
547 1725 684 1773 sectio
712 1738 893 1773 tantum
915 1727 1057 1787 prima
1079 1739 1173 1772 erat
1200 1725 1253 1771 de
1280 1724 1406 1772 fibris
1435 1727 1476 1772 ὃς
1497 1723 1624 1771 valis.
1666 1756 1669 1759 -
1693 1723 1821 1775 Inde,
1856 1733 1911 1768 ut
1934 1733 2075 1782 puto,
2113 1734 2216 1769 nata
2239 1720 2352 1770 sunt-

285 1791 547 1854 Phyfiologiae
567 1791 769 1837 elementa
789 1791 905 1838 edita
939 1790 1178 1837 Avenione
1195 1802 1279 1849 175
1291 1802 1331 1849 5.
1360 1787 1471 1835 12.*
1507 1790 1555 1836 N
1560 1805 1620 1835 on
1642 1785 1876 1849 adgnoscit
1893 1786 2100 1846 equidem
2112 1784 2350 1846 hocopus-

288 1859 442 1904 culum
467 1857 536 1904 Cl.
567 1858 809 1904 AUCTOR:
861 1853 1157 1902 consentiunt
1189 1866 1343 1901 tamen
1380 1854 1476 1914 ejus
1502 1855 1544 1900 &
1576 1853 1855 1899 FRANCISCI
1888 1850 2033 1897 nostri
2060 1849 2351 1911 hypotheses.

248 1950 251 1951 ν
285 1922 461 1982 Utique
491 1920 685 1982 reperias
718 1918 949 1967 mensuras
981 1921 1022 1966 ὃς
1054 1918 1255 1980 pondera
1277 1918 1438 1965 iisdem
1467 1919 1670 1964 numeris
1702 1913 1935 1975 expressas
1971 1915 2132 1975 utique
2151 1916 2355 1962 animam·

284 2002 369 2048 pro
394 1983 523 2032 causa
543 1996 694 2031 motus
717 1984 867 2031 habet.
939 1985 1080 2031 Vivas
1100 1984 1218 2030 vires
1236 1999 1314 2043 per
1331 1982 1550 2042 quadrata
1575 1981 1873 2027 velocitatum
1898 1979 2100 2025 metitur.
2166 1979 2349 2026 Fibram

284 2050 531 2098 ventriculi
562 2050 738 2109 rumpi,
778 2047 811 2095 si
846 2048 901 2095 ad
936 2046 1193 2109 septuplum
1224 2047 1513 2093 extenderis:
1562 2043 1712 2092 serum
1734 2043 1968 2105 sanguinis
2006 2043 2147 2089 rubro
2189 2058 2350 2089 cruore

287 2115 471 2176 gravius
502 2111 597 2159 effe.
666 2114 819 2160 Venas
846 2113 1092 2173 quintuplo
1130 2112 1304 2158 arteriis
1335 2109 1586 2156 debiliores
1619 2107 1715 2155 effe.
1784 2107 2007 2155 Arteriam
2033 2108 2354 2167 pulmonalem‘*

284 2194 401 2226 vena
430 2176 570 2224 sodali
599 2177 822 2223 minorem
847 2176 942 2224 effe.
1011 2178 1267 2224 Maximum
1298 2173 1532 2236 sanguinis
1559 2173 1612 2219 de
1647 2171 1781 2219 corde
1814 2169 1984 2232 expulfi
2012 2170 2174 2218 saltum
2212 2188 2237 2218 a
2265 2172 2353 2218 mi-

286 2245 415 2289 nimo
442 2258 538 2288 non
563 2242 691 2289 valde
727 2238 920 2289 differre.
989 2240 1135 2287 Valde
1167 2237 1416 2287 decrescere
1449 2239 1722 2285 celeritatem
1759 2234 1993 2297 sanguinis
2023 2252 2100 2296 per
2126 2233 2228 2282 vasa
2268 2237 2352 2282 mi-

285 2307 411 2363 nima
438 2307 566 2353 moti.
631 2305 788 2353 Fibras
811 2306 958 2353 cordis
983 2307 1125 2353 rectas
1151 2303 1376 2357 admittit,
1416 2305 1458 2349 ἃ
1495 2301 1635 2349 costas
1668 2302 1723 2347 ab
1750 2300 1943 2347 internis
1982 2299 2357 2347 intercostalibus-

286 2370 493 2430 deprimi.
564 2372 839 2431 Sanguinem
869 2371 918 2416 in
939 2371 1158 2430 pulmone
1187 2384 1347 2429 parum
1374 2363 1653 2413 condensari.
1721 2365 1879 2425 Duplo
1910 2365 2010 2424 plus
2034 2363 2242 2411 humoris
2269 2379 2354 2424 per

285 2435 552 2496 pulmonem
576 2433 809 2487 exhalare,
847 2450 980 2494 quam
1003 2450 1083 2494 per
1111 2444 1278 2495 cute-m.
1345 2428 1458 2478 Fuse
1483 2428 1691 2491 spiritum
1724 2427 1804 2475 effe
1833 2430 2089 2476 electrieum
2113 2447 2125 2474 z
2172 2428 2349 2474 medul-

282 2501 377 2550 lam
401 2497 572 2548 cerebri
594 2495 856 2543 levissimam
884 2500 1003 2544 inter
1036 2510 1181 2558 partes
1210 2496 1424 2558 corporis.
1494 2496 1671 2542 Omnes
1707 2491 1938 2540 musculos
1974 2492 2159 2553 perinde
2197 2492 2346 2538 irrita-

282 2567 396 2613 biles
421 2557 501 2610 effe
531 2562 572 2609 &
598 2560 819 2607 robustos.
888 2560 1128 2608 Musculos
1156 2560 1431 2622 spontaneos
1465 2559 1598 2606 etiam
1634 2575 1660 2605 a
1684 2560 1924 2605 voluntate
1951 2557 2140 2602 moveri.
2210 2554 2345 2600 Cere-

284 2630 391 2676 belli
418 2627 590 2674 nullam
619 2623 1078 2685 effepraerogativam.
1150 2625 1457 2673 Secretionem
1482 2639 1537 2670 ex
1555 2622 1731 2670 theoria
1754 2623 2102 2669 HAMBERGERI
2123 2619 2310 2678 exponit
2329 2635 2350 2664 :-

285 2691 481 2740 Vascula
506 2689 744 2737 secretoria
771 2689 821 2735 in
854 2687 952 2734 fetu
979 2687 1124 2734 nihilo
1157 2687 1236 2734 effe
1259 2689 1436 2734 minora
1474 2703 1607 2747 quam
1645 2688 1695 2733 in
1733 2687 1905 2732 adulto.
1977 2684 2136 2730 Semen
2175 2679 2349 2728 mascu-

283 2760 379 2804 lum
396 2754 590 2803 viscidos
611 2752 824 2801 humores
848 2752 976 2798 ovuli
1000 2751 1236 2798 resolvere.
1306 2751 1594 2797 Erectionem
1616 2751 1741 2811 panis
1762 2747 1842 2795 effe
1857 2746 2110 2806 asanguine
2127 2744 2355 2792 arterioso·

286 2821 471 2867 uberius
500 2820 718 2867 irruente.
802 2815 1073 2865 Instindtum
1104 2813 1184 2863 effe
1223 2813 1484 2862 facultatem
1518 2812 1820 2877 cognoscendi
1848 2809 2086 2859 individua
2119 2825 2196 2872 per
2218 2810 2351 2859 ideae·

287 2882 511 2934 confufas.

260 2962 265 2965 ’
416 2965 490 3027 EJ,
527 2968 596 3016 De
619 2965 900 3031 respiratione
923 2962 1085 3027 dtfficili
1116 2959 1341 3036 Monspel.
1364 2973 1499 3025 1757.
1527 2959 1608 3024 4,*
1653 2958 1855 3011 Celerius
1878 2956 2222 3020 inspirationem
2246 2948 2344 3031 per-i

2324 3056 2351 3078 ‚.
