2531 3394
285 142 376 184 125
638 138 791 200 »
1073 126 1175 184 »aa
1274 121 1339 183 aa:
1435 119 1538 179 aar*
2202 149 2230 162 .-

996 423 1113 493 LI
1147 423 1289 493 BE
1319 425 1380 493 R
1464 421 1594 493 lX

427 612 1230 716 ANATOMES
1330 580 2208 707 PERFECTIO.

631 857 675 916 δ.
711 859 754 905 D
771 859 808 905 C
821 858 858 905 C
873 858 909 904 C
924 858 958 904 L
972 857 1080 904 XX
1093 856 1115 903 Ι
1129 854 1188 903 V.
1258 852 1458 902 Bernard
1477 851 1694 915 Siegfried
1721 854 1962 902 ALBINU'S.

285 927 669 1080 BE¹.<NHARD1
698 967 761 1015 fil.
793 964 1180 1015 Francofurtanus
1211 965 1263 1011 ad
1289 963 1539 1017 Viadrum,
1576 961 1778 1025 summus
1799 964 2096 1010 anatomicus.
2165 962 2220 1008 In
2239 962 2339 1009 Ra,

439 1050 506 1083 vu
535 1036 685 1081 locum
714 1049 769 1078 ex
795 1031 924 1093 gnari
950 1031 1132 1090 judiciss
1148 1032 1391 1075 Hermanni
1410 1025 1724 1075 BOERHAAVE
1751 1027 2143 1074 commendatione
2167 1027 2247 1072 vix
2267 1027 2334 1073 vi-

289 1100 409 1160 ginti
427 1113 536 1146 tunc
562 1113 707 1143 annos
735 1108 869 1142 natus
887 1090 1099 1141 suffectus
1122 1093 1197 1146 est,
1232 1108 1420 1151 raraque
1447 1090 1553 1138 usus
1572 1091 1633 1137 est
1661 1089 1895 1143 felicitate,
1928 1106 1980 1137 ut
2002 1090 2333 1150 quinquaginta

289 1165 490 1223 integros
514 1178 658 1207 annos
683 1161 733 1207 in
765 1159 870 1207 solis
893 1157 1129 1206 laboribus
1160 1156 1430 1203 anatomicis
1451 1188 1464 1209 ,
1500 1171 1524 1202 a
1547 1157 1677 1202 nullo
1704 1155 1792 1201 alio
1824 1152 1978 1201 officio
2005 1166 2222 1201 avocatus
2243 1186 2255 1206 ‚
2293 1153 2335 1199 ei

287 1228 439 1276 vivere
466 1225 659 1272 licuerit.

415 1309 546 1354 Hanc
570 1305 960 1366 opportunitatem
981 1302 1161 1349 solertia
1181 1300 1387 1355 secandi,
1422 1299 1664 1348 artificiosa
1688 1298 1901 1348 vasorum
1921 1295 2194 1360 repletione,
2225 1296 2335 1344 adfi-

290 1373 461 1420 duitate
491 1371 684 1423 laboris,
720 1370 946 1428 pictorum
969 1367 1103 1413 etiam
1131 1369 1411 1426 optimorum
1441 1363 1653 1412 facultate
1676 1365 1740 1411 ita
1772 1364 1975 1425 adiuvit,
2018 1374 2071 1409 ut
2095 1363 2144 1408 in
2170 1360 2332 1408 offium

287 1435 689 1494 musculorumque
715 1432 901 1479 historia
927 1447 1084 1486 omnes
1104 1432 1273 1491 priores
1300 1427 1514 1476 incisores
1540 1427 1846 1489 superaverit:
1881 1428 1931 1474 in
1951 1425 2172 1479 viscerum
2198 1427 2335 1472 etiam

286 1499 457 1547 fabrica
483 1501 628 1545 multa
652 1495 905 1544 accuratius
925 1494 1118 1548 viderit,
1165 1491 1392 1541 immenfis
1429 1494 1624 1554 denique
1659 1492 1871 1554 operibus
1906 1507 2002 1538 rem
2034 1490 2334 1537 anatomicam

287 1564 513 1612 ditaverit.

416 1646 536 1706 EJUs
574 1648 725 1692 Oratio
752 1642 1016 1704 inaugurali<
1039 1641 1090 1687 de
1113 1652 1305 1687 anatome
1333 1652 1584 1702 comparata
1618 1638 1742 1687 Leid.
1766 1650 1900 1696 1719.
1928 1636 2006 1695 4*
2056 1635 2336 1683 Animalium

288 1726 344 1758 ex
368 1726 457 1757 ovo
484 1709 743 1769 generatio,
782 1710 823 1754 ὃς
849 1723 951 1753 cum
973 1708 1226 1766 plantarum
1257 1707 1550 1766 generatione
1579 1704 1870 1763 comparatio.

411 1792 587 1852 EJUSD.
629 1794 804 1843 Oratio,
842 1807 925 1849 qua
950 1789 1009 1835 ad
1031 1805 1182 1835 veram
1206 1792 1348 1840 viam,
1381 1803 1468 1847 quae
1495 1786 1555 1832 ad
1570 1786 1751 1846 fabricae
1774 1783 1958 1845 corporis
1986 1777 2163 1828 humani
2192 1787 2335 1844 cogni-

289 1858 489 1902 nitionem
514 1855 631 1901 ducit
665 1854 787 1901 Leid.
821 1865 955 1911 1721.
983 1851 1065 1912 4*
1133 1853 1283 1898 Brevis
1316 1865 1549 1897 anatomes
1574 1850 1774 1895 historia.
1847 1847 2082 1907 Cujusque
2111 1847 2246 1905 partis
2278 1845 2336 1893 ad

289 1919 462 1964 vicinas
491 1930 634 1978 partes
666 1917 799 1975 situm
827 1920 867 1964 -Sc
895 1933 1061 1963 nexum
1086 1917 1215 1977 jubet
1247 1915 1555 1974 contemplari.
1624 1915 1695 1960 De
1727 1913 1905 1959 minuta
1932 1907 2241 1957 musculorum
2270 1909 2334 1956 fa-

290 1982 439 2034 brica,
489 1985 529 2027 &
568 1981 783 2027 divisione
811 1982 860 2028 in
899 1982 1101 2027 minima.
1171 1982 1238 2026 De
1279 1992 1371 2025 arte
1395 1977 1631 2037 injiciendi
1665 1979 1712 2024 in
1750 1974 1851 2024 vasa
1888 1974 2078 2034 liquoris
2110 1976 2330 2027 colorati,

291 2061 424 2105 quam
441 2046 582 2104 Belgis
598 2046 703 2090 dicit
724 2046 946 2105 propriam
968 2063 979 2090 ε
1018 2046 1070 2090 de
1087 2043 1276 2090 vasculis
1301 2059 1377 2102 per
1401 2042 1446 2088 id
1468 2041 1710 2088 artificium
1736 2038 1857 2101 quafi
1881 2039 1933 2084 de
1955 2037 2048 2084 Ade
2069 2039 2335 2098 emergenti-

290 2110 392 2156 bus.
478 2109 548 2154 De
586 2107 697 2155 valis
723 2109 905 2161 alienis,
945 2126 1046 2169 quae
1075 2109 1344 2154 membranae
1372 2122 1465 2153 non
1500 2104 1589 2152 suae
1616 2104 1726 2165 ssepe
1753 2105 2034 2151 tribuuntur.
2104 2102 2173 2147 De
2207 2101 2334 2147 infla-

290 2173 431 2221 tionis
454 2170 660 2218 artificio.
729 2174 798 2218 De
817 2185 1024 2220 anatome
1051 2183 1306 2232 comp;.rata
1325 2189 1336 2216 ε
1380 2171 1433 2216 de
1454 2169 1716 2230 abrogando
1739 2168 2017 2215 auctoritatis
2034 2163 2296 2226 praejudicio
2318 2182 2332 2212 ε

292 2237 346 2284 de
372 2250 581 2284 anatome
607 2234 852 2290 artificiali,
891 2240 932 2284 Sc
961 2238 1162 2298 piCtura,
1199 2237 1240 2282 ὃς
1274 2235 1411 2281 dubia
1447 2236 1685 2293 utriusque
1718 2231 1821 2281 fide.

420 2319 596 2378 EJUSD.
632 2318 768 2363 Index
793 2319 1082 2380 fisppelleffililis
1114 2319 1368 2363 RAVIANAE
1391 2350 1403 2369 ‚
1449 2332 1577 2376 quam
1613 2314 1842 2361 Academiae
1878 2311 2101 2373 (Leidenfi
2118 2315 2137 2366 )
2172 2311 2335 2372 legavit

290 2387 337 2439 J.
358 2384 536 2438 JsRAU
572 2381 693 2428 Leid.
717 2393 846 2438 1725.
879 2382 960 2441 4*
1044 2380 1261 2428 Pulchros
1289 2379 1524 2426 thelauros
1548 2395 1714 2439 gnarus
1740 2375 1951 2423 describit
1968 2412 1981 2428 ‚
2025 2376 2334 2422 memorabilia

288 2447 493 2497 adnotat.
579 2446 729 2504 Caput
752 2448 947 2492 enormis
977 2444 1329 2505 magnitudinis,
1376 2442 1497 2502 quod
1532 2459 1609 2501 pro
1642 2442 1852 2502 giganteo
1883 2440 2091 2488 habitum
2125 2439 2212 2492 est,
2256 2438 2333 2484 sed

289 2509 550 2558 morbosum
575 2507 655 2554 effe
673 2508 860 2618 svidetur
879 2543 892 2562 ‚
927 2526 1030 2555 cum
1059 2511 1184 2555 nulla
1207 2506 1413 2554 constans
1437 2504 1599 2553 offium
1623 2504 1678 2552 fit
1700 2505 1951 2566 proportio.
2019 2505 2175 2551 Vitam
2198 2503 2330 2548 etiam

292 2575 488 2621 auctoris
511 2572 669 2631 praemi
689 2583 739 2618 lt.

418 2656 492 2714 EJ.
532 2659 599 2700 De
625 2652 764 2710 offibus
790 2653 974 2713 corporis
1001 2650 1176 2699 humani
1196 2653 1256 2699 ad
1274 2651 1491 2699 auditores
1502 2650 1603 2710 ficos
1636 2651 1759 2699 Leid.
1790 2647 1929 2707 1726]
1947 2646 2028 2703 8.*
2061 2644 2330 2694 Vindobon.

296 2724 430 2775 1756.
451 2715 531 2771 8.*
558 2715 767 2768 recusus;
802 2717 949 2761 brevis
973 2716 1082 2762 liber
1100 2718 1211 2762 meis
1237 2716 1517 2774 temporibus
1547 2715 1712 2768 editus,
1749 2714 1930 2774 quando
1950 2715 2332 2758 BOERHAAVIUM

293 2781 529 2827 audiebam
560 2783 601 2827 &
629 2783 885 2826 ALB÷NUM.
954 2780 1138 2824 Brevem
1173 2778 1294 2838 quasi
1321 2779 1541 2838 picturam
1571 2777 1731 2823 oflium
1758 2776 1903 2823 adulti
1938 2774 2136 2820 hominis
2171 2791 2334 2834 propo-

291 2845 390 2896 nit‚.
413 2861 513 2890 eum
538 2844 794 2889 tabularum
813 2843 1021 2889 VESALII
1043 2844 1084 2887 ἃ
1109 2844 1381 2888 ΕυεΤΑεΗΙΙ
1406 2841 1631 2900 perpetuis
1656 2839 1961 2885 citationibus.
2031 2838 2203 2883 Contra
2226 2838 2336 2884 alio-

291 2923 394 2953 rum
417 2908 774 2953 anatomicorum
805 2922 974 2952 morem
1012 2906 1162 2951 minus
1187 2906 1343 2964 capitis
1383 2903 1671 2964 descriptioni
1698 2899 1910 2953 indulsit,
1958 2903 2006 2946 in
2046 2912 2210 2947 trunco
2235 2917 2334 2947 cor-

245 2977 248 2980 ’
293 2971 417 3032 poris
451 2971 494 3016 δι
518 2972 703 3017 artubus
730 2968 881 3017 fusior.
949 2966 1219 3029 Asperitates
1247 2970 1288 3014 ὃς
1311 2965 1614 3020 scrobiculos,
1652 2968 1729 3028 qui
1758 2977 1836 3013 aut
1857 2961 2166 3012 musculorum
2202 2963 2332 3074 cpuga

2249 3045 2271 3074 a
2317 3042 2335 3075 ι
