2531 3394
705 121 758 183 5.
795 125 1136 188 11186111870¹
1179 127 1822 183 DISPUTATmNEs.
2129 191 2140 195 Α
2193 150 2290 201 571

354 263 402 315 J.
426 256 545 307 Frid.
572 258 785 308 ZUNKEL
807 259 858 306 de
878 271 1016 307 morte
1044 277 1098 321 esf
1125 250 1264 308 alieno
1274 259 1365 320 situ
1376 265 1577 323 partium
1600 260 1786 311 thoracis
1816 267 1937 315 Hall.
1958 277 2094 327 1760.
2121 283 2168 331 4.

352 339 569 388 Melchior
594 343 757 403 August
783 340 1129 390 BARCHEWITZ
1149 342 1370 403 spicilegia
1407 342 1468 388 ad
1498 341 1730 404 phosphori
1767 351 1957 394 urinarii
1985 351 2103 408 usum
2140 358 2310 409 intera..

226 422 328 453 num
359 406 478 452 Hall.
503 411 637 462 1760.
662 405 741 464 4*
772 408 814 452 &
838 407 886 451 in
914 403 1134 452 thesauris
1162 412 1516 453 SANDYFORTI.
1585 406 1746 456 Praeses
1767 411 2091 462 BUCHNERUS.

357 491 402 542 J.
426 485 599 546 Rudolf
612 489 832 533 MULLER
878 485 930 532 de
960 485 1263 533 irritabilitate
1304 488 1448 541 iridis,
1498 487 1676 550 hincque
1709 492 1924 552 pendente
1964 507 2081 541 motu
2115 499 2286 558 pupiffae:

224 550 350 599 Bafil.
380 558 513 608 1760.
533 548 614 608 4*
646 550 766 596 bona
791 547 910 609 disp„
969 551 1043 596 Ne
1066 551 1250 610 quidem
1289 568 1314 597 a
1347 551 1528 599 stimulo
1571 551 1663 600 foci
1696 557 1806 601 vitri
1837 560 2031 604 convexi
2063 560 2140 605 iris
2172 578 2285 608 con-

223 619 384 663 treeta..
448 612 608 674 Elapsa
639 626 762 674 parte
788 615 920 673 aquei
949 611 1154 660 humoris
1183 615 1354 675 pupilla
1382 619 1592 664 arcitatur.
1660 619 1827 666 Itidem
1855 638 1951 667 non
1978 620 2058 667 effe
2082 623 2288 670 irritabi--

224 681 339 732 lem,
378 680 419 725 &
440 677 671 724 stimulum
701 677 860 722 debere
886 678 937 723 in
961 678 1155 724 retinam
1182 696 1341 739 agere,
1383 693 1436 726 ut
1452 681 1530 727 iris
1556 694 1809 730 moveatur.
1879 684 2142 747 Constringi
2177 703 2288 735 eam

225 743 279 790 ab
306 745 438 790 audio
465 741 711 788 humorum
730 740 933 795 adfluxu,
965 743 1006 788 &
1030 742 1083 788 ab
1109 744 1256 803 aliqua
1279 743 1657 792 inflammatione.

361 822 751 872 ThaddaeiBAYER
773 821 825 868 de
845 826 979 868 animi
997 822 1224 883 adfeelibus
1259 826 1412 871 Wien
1439 833 1573 884 1760.
1611 825 1694 884 4*
1760 829 1872 875 Dari
1906 846 1984 877 ens
2014 827 2289 878 senfitivum÷

222 887 484 949 spirituale,
515 886 571 932 ab
596 887 747 931 anima
780 885 1065 940 distinctum,
1101 889 1318 942 mortale,
1351 906 1376 934 a
1403 906 1495 949 quo
1524 903 1674 937 motus
1703 893 1838 939 variis
1871 911 1926 940 ex
1956 894 2148 944 stimulis
2183 895 2289 942 natiss

221 954 443 1004 oriantur,
467 962 522 997 ut
549 949 835 996 sternutatio.
904 951 1043 996 Varia
1070 952 1204 997 nobis
1229 952 1451 1012 imputat,
1488 970 1588 1013 quae
1610 971 1849 1016 nunquam
1873 956 2104 1006 sensimus.

342 1037 390 1088 J.
421 1035 558 1094 Georg
579 1029 787 1080 KUGLER
822 1030 875 1077 de
891 1030 1085 1092 fingultu
1120 1032 1273 1078 XVien
1299 1040 1434 1091 1760.
1466 1037 1545 1093 4*

343 1112 498 1169 Jacobi
526 1115 756 1161 GUMMER
786 1112 839 1158 de
864 1112 986 1170 caufiz
1013 1113 1157 1158 mortzk
1172 1113 1484 1172 fichmersbrum
1514 1134 1739 1180 eorumque
1771 1120 2085 1180 refirscitatione
2115 1127 2285 1184 experzk

218 1180 365 1226 mentis
401 1176 459 1234 ἓξ
497 1175 850 1237 observationibus
875 1175 1080 1237 indagata
1133 1177 1360 1240 Groning.
1399 1187 1531 1237 1760.
1557 1181 1637 1240 4*
1686 1187 1727 1230 ἃ
1757 1185 1803 1231 in
1839 1185 2048 1232 thesauro
2082 1189 2277 1235 SANDY-

219 1257 393 1294 FORTl.
465 1239 592 1289 Bona
617 1239 879 1300 disputatio.
948 1241 1003 1286 In
1035 1241 1308 1288 animalibus
1349 1241 1586 1292 submersis
1625 1264 1787 1307 aquam
1818 1247 1909 1295 fere
1942 1251 2058 1296 vidit
2087 1252 2136 1296 in
2178 1251 2279 1311 pus-

218 1322 401 1353 monem
438 1303 612 1357 subire,
652 1302 899 1364 spumaque
937 1305 1102 1363 repleri
1141 1303 1337 1365 asperam
1373 1309 1615 1355 arteriam:
1668 1312 1803 1357 etiam
1849 1313 2060 1374 deglutiri
2095 1330 2279 1374 aquam·r

217 1369 479 1417 Refocillari
509 1368 678 1414 animal
716 1367 946 1420 inflando,
989 1384 1115 1414 venae
1159 1367 1380 1423 sectione,
1425 1372 1580 1419 calidis
1609 1375 1856 1422 cineribus.
1950 1378 2279 1424 Ventriculunr

219 1435 351 1480 etiam
377 1445 526 1479 totum
546 1448 661 1492 aqua
679 1433 853 1541 ffpleri.
915 1432 1047 1478 Vena
1068 1433 1268 1494 jugulari
1294 1433 1395 1482 casu
1417 1434 1517 1482 laesa
1544 1439 1712 1485 animal
1735 1439 1955 1488 revixiffe.
2022 1444 2185 1489 Aerem
2209 1442 2288 1488 in-

214 1497 374 1544 flatum
397 1496 448 1544 in
474 1512 551 1542 cor
577 1496 683 1542 veni
719 1512 755 1542 e.

341 1583 388 1633 J.
415 1577 621 1625 Friderici
643 1579 904 1625 LoBsTEIN
925 1611 937 1630 ‚
974 1576 1234 1626 Profefforis
1261 1596 1386 1627 nunc
1411 1581 1766 1643 Argentinenfis,
1795 1588 1961 1648 egregii
1980 1588 2143 1634 medici
2169 1604 2279 1636 ocu==

214 1642 315 1689 larii
338 1645 379 1689 ἃ
403 1642 673 1695 anatomici,
708 1641 761 1687 de
789 1658 921 1687 nervo
935 1643 1095 1702 spinelli
1128 1644 1188 1689 ad
1204 1657 1292 1705 par
1314 1659 1472 1706 vagum
1507 1647 1728 1709 accessorio
1766 1652 2002 1710 Argentor.
2031 1659 2163 1708 1760.
2195 1655 2277 1709 4.*

211 1707 338 1753 Inter
364 1707 519 1752 omnia
548 1708 669 1766 paria
695 1706 931 1751 cervicalia
954 1707 991 1752 is
1017 1723 1184 1753 nervus
1215 1709 1392 1760 oritur3
1431 1727 1534 1755 cum
1565 1713 1712 1771 primo
1731 1713 1894 1774 absque
1921 1715 2095 1761 nodulo
2123 1715 2271 1762 cohae-

215 1782 309 1822 ret,
344 1783 442 1817 tum
479 1786 582 1816 cum
614 1767 875 1829 pharyngeo
913 1772 1074 1815 oetavi.
1145 1770 1328 1818 Viscera
1354 1773 1471 1819 vidit
1492 1775 1562 1820 vir
1583 1777 1649 1822 Cl.
1683 1777 1737 1821 ad
1762 1780 1951 1823 alterum
1981 1780 2099 1825 latus
2127 1792 2280 1826 trans--

212 1833 366 1895 pofita.
409 1834 614 1879 Varietas
638 1833 941 1879 memorabilis
966 1834 1131 1880 fenalis
1155 1851 1283 1880 venae
1308 1835 1488 1883 finistrae
1521 1840 1568 1883 in
1594 1856 1749 1886 cavam
1776 1843 1941 1888 euntis.

341 1916 417 1975 EJ.
455 1915 715 1964 Devalvula
730 1916 1014 1962 EUSTACHH
1050 1917 1288 1976 Argentor.
1310 1929 1443 1976 1771.
1475 1921 1546 1972 8.⁹‘
1575 1924 1750 1983 egregia
1770 1921 2029 1983 disputatio,
2098 1925 2275 1972 Tuber-

213 1982 365 2026 culum
379 1982 591 2027 LOWERI
606 1978 852 2024 effeisthmi
865 1993 1035 2039 partem
1052 1978 1320 2027 craffiorem.
1392 1984 1513 2029 lntra
1527 1987 1752 2032 valvulam
1770 1988 1919 2034 EUST.
1936 1987 2069 2035 fibras
2085 1987 2164 2035 effe
2181 2006 2274 2035 car-

213 2061 334 2090 neas.
419 2044 529 2089 Eam
556 2055 755 2089 avertere
781 2041 1047 2103 sanguinem
1079 2060 1104 2089 a
1133 2045 1293 2098 corde,
1332 2058 1386 2093 ut
1423 2046 1626 2093 foramen
1661 2053 1788 2096 ovale
1823 2049 2004 2097 subeat:
2055 2069 2192 2112 quare
2222 2053 2273 2099 in

215 2106 400 2154 homine
421 2107 604 2159 adult0‚
642 2107 820 2166 quoties
848 2108 1029 2153 valvula
1060 2107 1236 2168 integra
1272 2108 1358 2163 est,
1393 2109 1599 2157 foramen
1634 2116 1762 2161 ovale
1800 2116 2174 2177 etianvapertum
2203 2133 2272 2163 re-

214 2173 415 2231 peritur,
456 2173 496 2218 &
522 2169 709 2217 viciffim
738 2169 964 2223 clausum,
1000 2172 1081 2217 ubi
1109 2173 1361 2220 reticulata.

344 2253 419 2312 EJ.
459 2257 526 2299 De
547 2251 697 2299 hernia
725 2257 947 2314 congenita
975 2266 1109 2311 1771.
1134 2251 1217 2311 4.*
1284 2256 1349 2302 Ut
1373 2258 1589 2315 paulatim
1613 2275 1636 2305 a
1659 2261 1877 2308 GALENO
1894 2295 1906 2315 ‚
1948 2263 2194 2310 HALLERO
2228 2266 2270 2310 ἃ

211 2316 469 2364 HUNTERO
495 2316 569 2362 via
595 2319 637 2362 ἃ
662 2318 748 2363 iter
772 2317 892 2364 testis
919 2315 1006 2362 {int
1027 2317 1214 2364 detedta.
1282 2319 1337 2365 In
1361 2333 1542 2368 maturo
1570 2321 1663 2369 fetu
1691 2324 1818 2371 testes
1833 2323 1986 2372 serein
2009 2325 2155 2373 scroto
2173 2325 2266 2372 effe.

213 2380 331 2425 Duae
363 2380 486 2438 plicae
508 2380 561 2424 ad
588 2379 741 2426 testem
756 2382 805 2425 in
824 2379 930 2439 psoa
948 2382 1013 2427 M.
1032 2381 1376 2429 decumbentem
1394 2398 1567 2439 euntes,
1607 2403 1631 2432 a
1660 2389 1760 2434 colo
1785 2390 1936 2442 altera,
1978 2391 2114 2435 altera
2139 2407 2162 2435 a
2190 2406 2271 2435 cae-

212 2459 292 2495 00,
330 2442 548 2502 posterior
574 2460 681 2489 vero
712 2444 796 2489 alia
820 2444 935 2503 plica
962 2445 1202 2502 peritonaei
1228 2447 1281 2491 ab
1309 2463 1404 2492 uno
1439 2449 1546 2495 teste
1572 2450 1626 2495 ad
1664 2453 1869 2499 alterum.
1939 2455 2179 2500 HUNTERI
2217 2454 2269 2499 li-

212 2518 476 2567 gamentum
514 2505 792 2553 cellulosum.
874 2507 1039 2553 Aditus
1075 2507 1125 2553 in
1162 2508 1417 2564 abdomen,
1453 2514 1531 2572 qui
1562 2514 1668 2560 teste
1696 2513 1873 2562 sublato
1907 2515 2153 2562 evanescat.
2224 2518 2267 2563 Is

212 2571 362 2617 aditus
395 2570 520 2616 ducit
549 2571 603 2616 ad
641 2572 865 2623 canalem,
901 2587 978 2629 per
1008 2587 1140 2630 quem
1169 2571 1290 2619 testis
1324 2576 1499 2635 migrat,
1532 2579 1777 2637 adjuvante
1806 2579 2157 2640 diaphragmate‚
2195 2597 2268 2625 co-

209 2635 320 2680 mite
351 2635 613 2694 peritonaeo.
681 2635 806 2680 Idem
847 2634 996 2681 aditus
1039 2651 1143 2680 cum
1176 2637 1375 2694 proceffu
1405 2640 1696 2689 connascitur
1739 2644 1794 2690 ad
1831 2642 2049 2690 sumniam
2092 2656 2265 2704 partem

210 2697 355 2751 testis,
396 2700 438 2744 ἃ
458 2698 658 2758 reliquus
689 2698 853 2744 canalis
880 2697 934 2744 ad
961 2709 1132 2757 partem
1160 2700 1280 2747 testis
1307 2702 1612 2762 posteriorem.

341 2781 414 2841 EJ.
454 2784 521 2826 De
549 2781 689 2826 nervis
714 2779 831 2825 durae
857 2781 1003 2825 matris
1036 2779 1145 2839 disp.
1189 2781 1430 2844 Argentor.
1452 2799 1586 2844 1772.
1613 2786 1690 2845 4.*
1757 2787 2094 2836 Accuratiffime
2115 2790 2168 2837 de
2191 2789 2262 2838 his

210 2845 361 2889 nervis
386 2841 616 2903 quaefivit‚
656 2845 806 2890 nullos
831 2843 1038 2896 invenit,
1074 2842 1148 2889 sed
1175 2849 1405 2896 arteriolas
1433 2850 1632 2903 nostras,
1670 2868 1778 2910 quas
1799 2865 2002 2898 accurate
2032 2852 2272 2907 describits-

210 2906 519 2966 posteriorem,
557 2908 906 2955 &anterioren1.
975 2907 1099 2954 Vitia
1115 2909 1165 2954 in
1189 2913 1508 2971 experimentis
1534 2917 1754 2967 LAGHH,
1807 2917 2079 2965 AURRAN1.T
2130 2920 2272 2966 Dura

210 2969 471 3018 membrana
491 2972 649 3035 utique
669 2970 888 3022 insenfilis
916 2972 959 3019 &
985 2972 1118 3022 dura..
1179 2974 1353 3022 Hernia
1381 2975 1502 3023 finus
1529 2976 1806 3031 falcitem-iis,
1933 2980 1935 2983 ’

1258 3058 1504 3107 (Ξοεςῖ.
2183 3064 2257 3119 Εἴ,
