2531 3394
257 143 352 202 466
548 144 559 160 .
673 137 807 185 zze.
858 137 946 191 ix,
1016 125 1424 181 ANATOMES
1476 125 1910 189 PERFECTIO.

812 270 850 320 ς.
887 230 1153 313 iiicxvi.
1252 256 1467 305 imbertus
1493 257 1720 304 WHYTT
1742 288 1756 309 ,

391 381 609 433 Professor
643 383 685 428 ὁὶ
707 380 913 428 Medicus
939 376 1177 439 primarius
1201 369 1574 433 Edinburgensis.
1646 370 1766 416 Cum
1789 385 1860 415 me
1888 368 2042 429 paffim
2061 369 2116 419 fit
2142 368 2314 433 adgres-

261 450 367 505 sus,
414 448 667 496 cavendum
705 445 791 497 est,
840 459 896 489 ne
930 457 1080 487 meum
1114 440 1167 484 de
1208 439 1277 484 Cl.
1314 438 1413 484 viro
1453 435 1676 497 judicium
1717 451 1741 479 a
1776 434 1932 479 dolore
1970 451 2069 480 meo
2107 437 2309 482 vitietur.

263 515 426 576 Magni
450 525 566 560 certe
588 510 760 570 ingenii
783 510 850 553 vir
879 505 967 552 fuit
993 507 1033 550 Sc
1063 501 1347 563 perspicacis,
1385 502 1426 547 &
1450 516 1552 546 cum
1581 515 1692 559 pene
1716 498 1770 543 ad
1795 499 2005 543 STAHLH
2039 499 2229 545 modum
2257 499 2311 545 de
2356 515 2363 521 ’

264 581 414 626 anima
446 577 594 628 omnis
625 576 674 620 in
712 571 903 617 animale
933 579 1085 614 motus
1121 564 1249 612 causa
1276 563 1487 617 sentiret,
1536 579 1606 608 me
1648 564 1688 608 ἃ
1723 559 2007 607 mechanicos
2044 560 2124 607 fibi
2158 563 2312 609 adven

263 642 335 690 sos
360 641 540 689 invenit
561 674 572 692 ‚
614 651 809 697 quorum
835 633 996 695 plac-ita
1017 629 1097 677 sibi
1129 629 1308 690 putavit
1340 626 1504 673 neceffe
1539 625 1619 672 efl'e
1650 623 1897 671 infirmare.

395 725 470 785 EJ.
503 719 622 784 Effizy
647 736 698 765 on
724 715 792 763 the
815 714 931 760 vital
955 712 1044 759 and
1073 710 1191 759 other
1226 710 1507 768 involuntary
1538 712 1716 754 motions
1749 707 1802 768 of
1817 706 1997 753 animals
2046 704 2316 768 Edinburgh

272 800 408 848 17‘51.
434 784 511 841 8.*
577 789 614 831 A
656 784 881 829 STAHLIO
911 777 1130 823 haetenus
1159 771 1309 820 differt
1328 807 1340 826 ,
1380 773 1503 832 quod
1534 788 1630 817 non
1666 772 1720 817 ad
1752 770 1962 830 praevisos
1994 772 2171 830 aliquos
2200 769 2314 816 fines

267 865 422 900 motus
450 852 500 896 in
531 861 717 906 corpore
745 843 801 889 ab
823 841 973 888 anima
1003 839 1191 886 excitari
1220 837 1396 889 statuit,
1429 834 1504 881 sed
1531 835 1586 881 ad
1619 836 1711 880 vim
1741 834 1923 882 stimuli.
1992 836 2178 881 Motum
2201 850 2225 879 a
2243 833 2317 880 sti-

271 919 397 963 mulo
432 911 678 959 oriundum
704 905 875 954 absolvi
906 906 1215 951 contractione
1253 904 1295 948 1&
1325 898 1515 947 viciffim
1549 900 1804 949 laxatione3
1852 915 1998 959 neque
2026 915 2051 944 a
2078 900 2317 944 voluntate

268 979 487 1041 pendere,
531 991 588 1021 ne
631 974 677 1019 in
713 968 925 1018 musculis
952 967 1138 1028 quidem
1165 965 1397 1012 voluntati
1416 963 1620 1022 alioquin
1650 963 1877 1009 obnoxiis.
1945 964 2038 1008 Cor
2078 979 2102 1007 a
2137 961 2317 1007 stimulo

269 1042 474 1090 moveri:
507 1039 617 1085 alios
647 1037 833 1083 aliarum
867 1033 1062 1093 partium
1094 1029 1294 1090 corporis
1326 1029 1532 1073 animalis
1564 1025 1644 1072 effe
1669 1026 1885 1072 stimulos.
1956 1026 2201 1072 stimulum
2222 1041 2318 1071 cor-

271 1107 339 1153 dis
364 1107 413 1153 in
439 1105 700 1164 pulmonem
723 1115 799 1159 per
822 1104 968 1143 aerem
990 1095 1215 1141 advenire.
1284 1093 1470 1139 Motum
1498 1090 1645 1136 cordis
1685 1088 1764 1135 effe
1794 1091 1844 1137 in
1883 1090 2061 1135 ratione
2088 1088 2319 1135 stimulan-

270 1174 326 1218 tis
347 1168 592 1229 sanguinis.
661 1165 834 1210 Contra
862 1157 1264 1207 condensationem
1285 1154 1533 1216 sanguinis.
1627 1154 1712 1200 Sed
1739 1155 1782 1200 &
1809 1153 2021 1199 intestina
2054 1169 2079 1198 a
2113 1153 2215 1198 cibo
2239 1146 2320 1198 aut

272 1235 325 1281 ab
357 1241 455 1280 aere
478 1233 525 1278 in
547 1227 903 1276 contractionem
932 1223 1052 1270 cieri.
1120 1223 1190 1268 Ita
1220 1223 1262 1267 &
1299 1220 1484 1265 arterias
1513 1218 1722 1263 minimas
1753 1234 1779 1263 a
1814 1217 1995 1264 stimulo
2030 1215 2239 1262 contrahi
2276 1218 2319 1262 Sc

272 1297 486 1344 oscillare.
546 1292 830 1340 Erectionern
844 1289 970 1349 penis
983 1287 1038 1333 ab
1056 1288 1301 1332 accelerato
1327 1281 1546 1343 sanguine
1572 1280 1785 1327 arterioso
1801 1279 1897 1328 effe.
1956 1281 2087 1327 Iridis
2100 1281 2320 1326 circulum

243 1367 247 1368 ⁷
273 1361 655 1420 constringentem
685 1355 896 1413 adoptat,
931 1354 972 1398 &
997 1351 1212 1411 pupillam
1238 1365 1263 1394 a
1294 1359 1439 1392 morte
1472 1346 1733 1405 ampliorem
1765 1345 1905 1392 reddi.
1975 1345 2149 1390 Contra
2172 1351 2320 1390 aerem

273 1425 569 1474 thoracicum,
637 1421 905 1466 Pulmonem
930 1431 1026 1461 non
1058 1414 1113 1460 ab
1143 1410 1273 1458 insita
1303 1413 1349 1457 vi
1378 1411 1565 1457 moveri.
1654 1406 2014 1468 Respirationem
2046 1409 2208 1454 animae
2239 1405 2320 1453 esse

270 1490 521 1540 aclionem,
554 1481 897 1531 incommodum
924 1480 1147 1525 vitaturae.
1216 1476 1405 1522 Nullam
1434 1475 1484 1520 in
1511 1489 1698 1532 corpore
1724 1472 1840 1532 poffe
1859 1471 2033 1519 causam
2047 1484 2199 1518 motus
2221 1469 2319 1523 effe,

273 1556 316 1600 &
343 1552 434 1599 vim
458 1548 723 1596 irritabilem
751 1544 925 1605 asylum
944 1541 1023 1588 effe
1052 1541 1337 1602 ignorantiae.
1408 1539 1530 1585 Cum
1555 1549 1699 1597 partes
1725 1552 1750 1581 a
1774 1553 1961 1597 corpore
1984 1533 2148 1582 avulsae
2168 1548 2321 1581 tamen

272 1628 482 1664 naturam
496 1611 758 1659 irritabilem
777 1609 1016 1659 retineant,
1044 1605 1187 1652 videri
1208 1604 1405 1649 animam
1427 1601 1585 1653 dividi,
1616 1612 1852 1660 partesque
1870 1599 1897 1646 s
1894 1602 1938 1647 ui
1959 1601 2158 1659 corporis
2179 1597 2321 1658 sequi.

272 1678 574 1727 Voluntarios
602 1672 830 1720 musculos
860 1669 977 1732 poffe
1009 1688 1034 1716 a
1060 1669 1202 1715 nimio
1242 1668 1423 1713 stimulo
1451 1668 1629 1712 coaetos
1657 1677 1815 1711 contra
1846 1666 2134 1711 voluntatem
2176 1679 2321 1722 agere.

272 1745 557 1804 Spontaneos
589 1736 816 1784 musculos
840 1748 1176 1793 nonnunquam
1199 1731 1427 1777 voluntati
1457 1727 1656 1788 obsequi.
1728 1729 1899 1788 Utique
1925 1728 2134 1788 influxum
2160 1727 2323 1772 animae

274 1810 428 1854 locum
456 1806 633 1851 habere.
704 1803 861 1847 Latere
883 1800 933 1845 in
957 1800 1090 1844 corde
1119 1794 1321 1847 causam,
1355 1811 1435 1840 cur
1464 1791 1697 1839 voluntati
1732 1808 1827 1837 non
1856 1791 2050 1837 obediat.
2140 1791 2321 1836 Nervos

276 1872 434 1917 vitales
459 1887 483 1916 a
515 1867 733 1914 cerebello
768 1863 901 1916 oriri,
940 1878 965 1907 a
997 1862 1177 1907 cerebro
1211 1859 1442 1905 animales.
1512 1857 1832 1914 Experimenta
1864 1858 2013 1915 aliqua
2039 1855 2087 1900 in
2123 1854 2325 1914 partibus

275 1952 301 1981 a
328 1950 512 1993 corpore
545 1928 736 1983 avulsis,
772 1928 948 1974 irritato
979 1942 1121 1971 nervo
1152 1926 1340 1976 octavo,
1391 1922 1498 1982 opio
1524 1919 1779 1966 destruente
1803 1931 2014 1966 naturam
2047 1916 2194 1964 cordis
2224 1918 2324 1964 irri-

276 1999 474 2046 tabilcm.
507 2042 510 2044 μ

412 2079 585 2139 EJUSD.
624 2072 925 2135 Physiological
960 2068 1085 2133 effiiys
1118 2073 1363 2130 containing
1391 2084 1447 2114 an
1476 2070 1652 2127 enquiry
1688 2069 1776 2111 into
1802 2057 1870 2110 the
1899 2063 2036 2123 causes
2067 2060 2200 2109 which
2223 2074 2327 2124 pro-

278 2153 390 2191 mote
415 2140 483 2189 the
505 2140 755 2188 circulation
780 2139 832 2198 of
845 2135 913 2182 the
927 2135 1063 2199 fluids
1095 2139 1139 2180 in
1163 2131 1231 2179 the
1255 2150 1361 2192 very
1379 2131 1506 2189 finall
1529 2128 1669 2191 veffels
1697 2129 1750 2189 of
1763 2126 1830 2174 the
1856 2129 2034 2175 animals
2058 2125 2162 2173 with
2194 2125 2327 2185 obser-

279 2211 452 2253 vations
488 2222 541 2251 on
571 2202 638 2249 the
664 2201 895 2262 senfibility
933 2198 1022 2246 and
1057 2197 1313 2255 irritability
1352 2196 1404 2256 of
1425 2193 1493 2241 the
1519 2205 1650 2257 parts
1678 2192 1731 2253 os
1748 2209 1846 2237 man
1878 2191 1967 2237 and
1998 2188 2117 2237 other
2148 2189 2328 2236 animals

281 2267 552 2328 Edinburgh
574 2279 705 2324 1755.
743 2266 845 2312 12.*
914 2263 1086 2310 Gallice
1112 2262 1233 2308 Paris
1271 2272 1402 2317 1759.
1430 2271 1500 2306 12.
1535 2269 1737 2304 vertente
1768 2257 1826 2301 D.
1852 2257 2148 2302 THEBAULT.
2215 2254 2326 2299 Haec

282 2333 535 2382 tentamina
567 2328 775 2378 adversus
810 2345 879 2373 me
909 2325 1070 2385 scripta
1097 2323 1216 2371 sunt.
1286 2325 1378 2369 Cor
1413 2338 1509 2368 non
1542 2318 1744 2367 sufficere
1776 2319 2088 2378 promovendo
2121 2316 2330 2378 sanguini

276 2414 362 2460 per
385 2395 489 2443 vasa
511 2395 711 2441 minima.
780 2392 951 2437 Contra
981 2393 1280 2440 Boanum,
1319 2403 1396 2433 cor
1433 2402 1527 2431 non
1565 2381 1857 2445 percuffionis
1891 2385 1981 2428 vim
2016 2381 2203 2434 habere,
2252 2377 2328 2426 sed

278 2458 533 2524 preffionis.
630 2455 867 2514 Reliquam
912 2454 967 2499 ad
1008 2452 1371 2513 promovendum
1407 2449 1648 2496 circuitum
1691 2445 1970 2493 neceffariam
2012 2447 2107 2493 vim
2153 2443 2233 2491 effe
2273 2444 2328 2489 ab

281 2525 563 2572 oscillatione
595 2518 806 2568 vasorum
833 2518 1127 2562 minimorum
1148 2550 1161 2568 ‚
1209 2531 1351 2575 quam
1388 2514 1598 2574 equidem
1637 2510 1801 2558 fatetur
1837 2508 2176 2570 inconspicuam
2211 2504 2292 2552 esse
2314 2538 2327 2558 ‚

285 2605 434 2649 neque
461 2588 677 2647 majorem
716 2583 875 2645 35613255·
908 2593 1032 2641 parte
1059 2579 1221 2625 unciae.
1314 2578 1437 2625 Adeo
1473 2578 1593 2623 iners
1641 2592 1804 2635 corpus
1847 2573 1957 2627 effe,
2013 2585 2065 2619 ut
2099 2570 2330 2632 gravitatis

287 2654 358 2700 vis
402 2668 428 2697 a
455 2650 615 2711 spiritu
652 2645 727 2701 fit,
780 2660 939 2704 nempe
966 2660 992 2689 a
1014 2644 1144 2689 DEO
1229 2643 1403 2688 Contra
1439 2657 1583 2686 meam
1621 2637 1995 2689 differtationem,
2036 2637 2085 2682 in
2120 2633 2328 2680 Tom.11.

285 2715 716 2763 commentariorum
751 2704 1120 2767 Gottingenfium
1158 2705 1349 2757 editam,
1402 2705 1652 2750 ratiociniis
1695 2713 1878 2762 pugnat.
1962 2702 2086 2745 Dum
2122 2696 2330 2743 tendines

284 2779 603 2826 incidebantur
624 2811 636 2830 ‚
666 2771 890 2822 insensilia
912 2768 1007 2817 vifa
1024 2767 1148 2815 fuiffe
1177 2769 1386 2814 animalia
1402 2802 1414 2820 ‚
1452 2768 1574 2827 quod
1596 2767 1740 2826 major
1774 2764 1903 2809 dolor
1928 2761 2076 2809 incisae
2099 2761 2216 2807 cutis
2251 2760 2332 2806 mi-

292 2859 451 2889 norem
483 2843 707 2888 obrueret.
809 2835 1039 2883 Tendines
1066 2835 1106 2878 &
1130 2832 1289 2877 duram
1321 2831 1577 2890 meningem
1609 2831 1657 2875 in
1680 2827 1786 2874 sano
1809 2826 1995 2872 homine
2030 2826 2108 2871 vix
2132 2823 2296 2871 sentire
2318 2857 2332 2878 ‚

292 2907 450 2965 utique
479 2922 587 2951 vero
618 2903 935 2950 inflammatos.
1005 2895 1097 2944 Effe
1125 2896 1172 2941 in
1198 2912 1247 2941 ea
1266 2895 1476 2953 meninge
1496 2893 1597 2939 suos
1616 2907 1794 2938 nervos.
1865 2889 2215 2935 Irritabilitatem
2238 2904 2335 2933 non

292 2969 451 3016 debere
480 2984 504 3015 a
528 2967 749 3015 sentiendi
768 2964 979 3013 facultate
1008 2959 1213 3022 separari.
1279 2959 1438 3006 Nervo
1469 2958 1608 3018 ligato
1632 2965 1811 3002 motum
1838 2951 2068 3014 supereffe‚
2096 2953 2219 3014 quod
2241 2952 2337 2999 ani-

2264 3029 2338 3062 ma
