2531 3394
651 121 1058 178 §.m-79⁶.
1123 116 1168 179 J.
1201 112 1577 174 DOUGLAs.
1643 115 1867 168 VARII.
2227 129 2283 178 33

350 214 445 300 ¹EJ.
478 240 550 286 De
569 235 849 299 singularibus
876 232 1034 298 hepati}
1061 231 1239 280 humani
1261 236 1308 278 in
1323 232 1446 293 statu
1466 233 1660 282 naturali
1690 232 1749 292 &³
1760 239 2049 298 praenaturali
2079 236 2286 287 francof.

221 299 293 348 nd
315 299 476 349 Viadr.
500 309 632 361 1736.
651 313 696 360 4.
729 303 775 349 Β.
792 302 1023 347 Bunexu.
1508 358 1515 359 ἶ

360 385 439 446 EJ.
478 389 545 432 De
560 388 749 446 meninge
763 378 1050 430 arachnoidea
1060 375 1224 425 cerebri
1244 377 1306 425 ib.
1325 384 1465 436 1736.
1480 379 1537 426 II.
1559 390 1693 437 1737.
1715 391 1760 438 4.
1784 381 1826 427 &
1840 381 1924 427 alia
1937 381 2062 443 Disp.
2083 392 2216 446 1748.
2232 398 2279 446 4.

365 466 437 528 EJ.
492 471 558 514 De
569 467 693 531 fibra
715 475 919 514 textura,
951 459 1030 520 usu
1048 457 1114 516 ἓξ
1127 459 1450 522 adfeei'ionibm,
1487 472 1576 508 tam
1588 460 1849 522 secundum,
1884 480 2011 524 quam
2025 478 2182 527 praeter
2205 484 2282 515 na-

232 540 379 578 turam
405 530 467 578 ib.
488 537 623 590 1738.
652 541 697 588 4.

359 613 431 673 EJ.
471 606 727 673 Deingrqffu
739 608 846 655 aeris
857 610 901 653 in
906 606 1159 669 sanguinem
1165 605 1249 665 sub
1265 605 1561 668 respiratione,
1591 608 1848 669 ejusdemque
1859 608 2055 668 effeft'ibtu
2080 617 2214 668 1738.
2232 625 2277 671 4.

355 694 431 755 EJ.
474 698 541 740 De
563 690 808 738 membrana
825 700 1003 735 textura
1026 687 1105 747 ufii
1134 686 1194 745 &³
1218 688 1449 748 affeffibus,
1477 700 1568 737 tam
1584 690 1847 750 secundum,
1884 708 2012 753 quam
2027 703 2187 754 praeter
2206 709 2282 739 na.

230 767 376 804 turam
414 767 544 815 1739.
563 767 610 813 4.

355 840 431 898 EJ.
468 841 536 882 De
549 839 733 898 genuino
764 834 951 897 corporis
974 837 1168 896 organici
1193 845 1356 882 motore
1399 846 1530 895 1740.
1553 848 1600 895 4.

353 919 428 978 EJ.
477 921 632 966 Utrum
661 914 781 963 homo
803 915 856 972 fit
883 915 1076 965 machina
1105 914 1363 976 hydraulica
1380 922 1681 978 pneumatica,
1714 936 1840 966 necne
1872 932 2010 980 1741.
2041 933 2085 979 4.

349 999 424 1060 EJ.
463 1001 655 1060 Historia
680 1002 923 1044 anatomica
945 1002 1214 1059 novantiqua
1234 1032 1247 1052 ‚
1277 1001 1317 1057 fi
1347 999 1572 1061 conspet‘ius
1591 1000 1854 1063 scriptorum
1883 1004 2187 1064 plerorumque
2210 1038 2221 1055 ,
2244 1002 2284 1061 s}

219 1079 302 1110 non
332 1067 540 1117 omnium,
576 1068 650 1124 qui
665 1066 927 1108 anatomiam
951 1063 1218 1123 illustrarunt
1250 1064 1370 1109 Hau.
1395 1076 1529 1121 1713.
1559 1063 1635 1117 8.*
1702 1066 1953 1112 Auctorum
1979 1067 2166 1114 inventa
2184 1070 2282 1114 vui-

221 1143 280 1187 go
306 1128 489 1173 notiora
516 1125 717 1173 recenset
733 1160 745 1178 ‚
783 1125 1060 1173 editionibus
1084 1123 1176 1171 fere
1196 1124 1367 1173 omiffis
1383 1160 1395 1180 ‚
1425 1144 1617 1189 magnus
1639 1143 1844 1175 veterum
1865 1142 2132 1177 contemtor.
2199 1136 2283 1185 Ja-

219 1189 367 1236 cobum
396 1191 612 1238 CARPUM
645 1207 670 1237 a
702 1188 868 1243 Jacobo
905 1188 1247 1237 BERENGARIO
1289 1188 1475 1250 separat.
1545 1193 1600 1238 G.
1623 1192 1839 1239 ENTIUM
1872 1192 2021 1241 seculo
2047 1195 2180 1242 XVI.
2211 1211 2282 1242 ac-

220 1251 399 1306 censet3
438 1256 671 1301 Nicolaum
685 1257 1025 1301 HOBOKENUM
1053 1270 1157 1300 cum
1186 1258 1291 1300 Nic.
1313 1255 1557 1303 HABICOT
1584 1254 1840 1302 confundit.
1910 1262 2014 1305 Nic.
2034 1259 2277 1307 SEVERUM

217 1318 356 1363 alium
392 1335 417 1364 a
446 1320 590 1366 Nicol.
631 1323 905 1367 STENoNlo
951 1316 1088 1371 facit,
1146 1318 1227 1378 qui
1258 1316 1381 1365 idem
1420 1318 1496 1366 est.
1592 1320 1765 1366 Gallice
1802 1332 1956 1368 tamen
1982 1321 2138 1369 versus
2169 1323 2229 1369 est
2253 1339 2279 1369 a

215 1381 274 1430 D.
299 1381 508 1429 Emous.

340 1463 475 1511 IDEM
510 1481 625 1525 opus
651 1464 813 1512 iterato
843 1462 1065 1524 adgressus
1088 1464 1264 1512 anitius
1283 1464 1482 1512 reddidit
1509 1463 1716 1513 Francof.
1740 1472 1874 1525 1738.
1895 1465 1975 1526 4.*
2040 1469 2153 1515 Non
2172 1467 2277 1518 satis

214 1524 411 1580 incisor5
462 1529 618 1575 tubum
646 1563 658 1582 ‚
705 1531 841 1575 etiam
885 1528 1039 1575 nostro
1083 1546 1218 1583 aevo,
1278 1547 1381 1576 cum
1423 1530 1692 1589 aquaeduetu
1732 1531 1971 1578 FALLOPn
2013 1531 2273 1582 confundit.

214 1589 475 1638 Confundit
499 1594 734 1639 ALBINUM
761 1593 991 1653 juniorem
1017 1595 1244 1640 auoorem
1274 1592 1383 1641 Diff.
1414 1593 1466 1639 de
1495 1596 1693 1653 intestinis
1723 1595 1938 1648 tenuibus,
1978 1612 2080 1641 cum
2111 1598 2275 1658 majori

213 1650 374 1707 fratre,
405 1657 446 1701 &
477 1657 640 1717 majori
663 1673 797 1717 opera
830 1657 1021 1703 minoris
1058 1657 1246 1710 tribuit,
1282 1670 1418 1718 atque
1449 1656 1655 1705 viciflim.
1739 1659 1967 1706 Caeterum
1992 1661 2192 1720 aliquam
2221 1662 2276 1709 li-

211 1715 403 1764 brorum
430 1719 506 1765 dat
529 1720 743 1767 notitiam
759 1754 772 1773 ,
807 1719 921 1781 saepe
941 1737 999 1766 ex
1022 1718 1382 1781 praefationibus.

348 1800 526 1859 EJUSD.
567 1804 852 1862 Institutiones
870 1801 1038 1848 medicae
1063 1801 1297 1861 secundam
1308 1806 1528 1865 principia
1554 1802 1790 1851 mechanico
1810 1809 2013 1866 organica
2032 1805 2271 1867 reformatae

210 1860 245 1907 F
248 1861 416 1909 rancof.
434 1863 489 1910 ad
503 1864 656 1912 Viadr.
677 1877 809 1923 1735.
830 1868 909 1925 4*
929 1883 983 1912 ex
998 1864 1404 1923 Disputationibus
1429 1880 1591 1914 natum
1613 1885 1743 1928 opus,
1766 1867 1903 1915 breve
1919 1871 1962 1916 &
1975 1872 2266 1930 polemicum.

340 1945 566 1991 Medicina
577 1946 761 2006 forensis
793 1945 998 1993 Francos.
1022 1947 1077 1993 ad
1104 1947 1260 1994 viadr.
1281 1960 1414 2005 1723.
1442 1962 1486 2007 4.
1517 1947 1672 2010 &ipsa
1694 1947 2069 2011 Disputationum
2094 1952 2154 1998 est
2180 1955 2271 2002 col.

205 2006 364 2061 ΙΒᾶἰο,
395 2024 500 2055 cum
518 2007 703 2056 historia
724 2011 917 2058 literaria
946 2011 1168 2057 librorum
1191 2010 1280 2058 huc
1298 2011 1580 2059 facientium.

335 2089 546 2137 Diarium
571 2092 765 2151 denique
799 2090 990 2138 scribere
1026 2091 1250 2153 adgressus
1278 2093 1364 2147 est,
1405 2095 1479 2141 cui
1503 2095 1691 2142 titulum
1719 2095 1869 2150 dedit,
1906 2098 2066 2145 Seleft'a
2088 2101 2269 2147 Franco-

195 2150 433 2212 furtensia‚
472 2157 515 2202 ἃ
540 2156 670 2217 cujus
693 2156 878 2202 initium
902 2153 1009 2202 feeit
1028 2173 1149 2201 anno
1172 2163 1308 2214 1736.

337 2235 389 2281 111
429 2237 485 2283 T.
512 2237 546 2284 Ι.
588 2254 632 2285 n.
665 2251 704 2298 5.
750 2237 1127 2299 haemorrhagiam
1160 2255 1184 2285 a
1215 2237 1426 2286 funiculo
1453 2256 1549 2287 non
1586 2243 1726 2303 ligato
1764 2254 1910 2289 ortam
1942 2244 2101 2306 utique
2135 2242 2264 2292 fune-

205 2295 313 2343 stam
342 2297 482 2348 fuiffe.

681 2396 727 2455 ἒ.
767 2399 1126 2446 DCCXCVI.
1197 2403 1358 2447 Diaria
1387 2400 1475 2447 alia
1499 2402 1611 2448 anni
1638 2408 1773 2461 1706.

330 2492 386 2539 In
413 2495 521 2555 Hist.
555 2495 608 2541 de
631 2495 806 2543 l'Acad.
836 2498 948 2555 Roy.
977 2496 1049 2542 des
1074 2499 1231 2544 Scienc.
1263 2499 1412 2557 aliqua
1436 2498 1491 2544 de
1518 2499 1738 2546 diuturna
1770 2500 2228 2554 inediffauinialiurxi.

329 2574 507 2622 CARRE
542 2576 596 2623 de
623 2578 758 2624 lentis
788 2577 1054 2638 crystallinae
1080 2579 1153 2632 vi,
1187 2596 1277 2639 qua
1300 2581 1452 2627 literas
1481 2594 1628 2642 auget.

329 2657 629 2705 De'animale
655 2658 991 2720 amphisbaena:
1039 2659 1163 2721 quod
1200 2659 1349 2722 ipsum
1385 2662 1436 2709 iu
1480 2665 1632 2724 plures
1673 2676 1819 2725 partes
1853 2663 2079 2712 diffecstum
2121 2681 2255 2726 porro

196 2721 487 2780 progreditur
513 2724 556 2768 ὅτ
578 2721 622 2769 se
653 2734 822 2770 movet.

326 2803 461 2850 Fetus
491 2805 565 2850 cui
591 2806 702 2851 alter
724 2804 1012 2866 imperfedtus
1036 2805 1091 2852 ad
1115 2809 1268 2867 pestus
1294 2807 1547 2868 adaptatuS.

328 2883 385 2930 In
415 2885 511 2931 Aa.
536 2886 671 2933 Erud.
703 2887 819 2947 Lips.
841 2894 978 2946 1706.
1021 2890 1224 2937 Nicolaus
1256 2891 1458 2940 B11>Loo
1491 2889 1699 2938 describit
1731 2905 1913 2951 partum
1942 2891 2170 2953 bicipitem
2211 2894 2251 2938 &

197 2943 427 3007 bipedem,
464 2951 651 3010 ejusque
675 2964 936 3001 anatomen.

322 3028 470 3092 (Bibl,
487 3034 625 3082 Anat.
656 3035 707 3081 T.
720 3031 810 3090 11.)
1338 3035 1379 3083 E
2191 3035 2246 3083 In
