2531 3394
231 127 326 174 ³:140
616 113 755 158 LIB.
806 113 900 157 IX.
981 105 1402 156 ANATOMES
1451 105 1896 156 PERFECTIO.

363 244 440 306 EJ.
473 244 515 289 &
538 241 771 288 LAUFFDR
790 238 841 285 de
864 238 1027 300 infante
1034 236 1125 295 sine
1146 233 1314 283 cerebro
1340 246 1445 283 nato
1473 245 1609 294 1743.
1636 236 1714 294 4.*
1760 235 1954 296 ‘Aliquae
1975 235 2196 285 tamende
2216 254 2286 285 ce⁴

225 309 364 356 ¹¹rebro
388 307 589 367 reliquiae
611 303 896 365 supererant,
932 304 973 347 &
999 301 1267 363 medullares
1289 300 1433 347 nervi.

363 391 555 451 Hzstoria
591 385 802 434 medicinae
842 401 868 429 a
900 399 1045 429 rerum
1078 386 1213 428 initiis
1241 382 1301 428 ad
1322 398 1481 428 annum
1512 379 1823 429 MDXXXV.
1861 380 2017 442 Lipsiae
2042 389 2176 442 1728.
2205 380 2286 442 4*

229 453 476 501 Eruditum
502 467 616 511 opus
644 452 685 496 &
713 448 886 508 optimo
917 463 1020 492 cum
1043 446 1216 505 judicio
1241 459 1492 492 exaratum.
1561 447 1821 492 Anatomen
1852 447 2177 506 Aegyptiorum
2203 464 2282 507 po-

226 519 324 565 ¹xtius
348 518 489 564 ⁴nimis
518 513 740 574 deprimit.
808 512 879 556 De
909 511 1105 556 circuitu
1131 507 1363 569 sanguinis
1401 509 1555 555 nostro
1580 508 1827 556 Chinenses
1865 526 1923 555 ne
1947 508 2155 570 cogitasse
2187 512 2288 570 qui.

227 582 335 628 dem
357 580 567 627 ostendit.
637 578 987 622 Amsro‘rms
1013 584 1258 618 anatomen
1282 589 1379 618 non
1404 574 1558 633 magni
1583 571 1717 620 facit:
1756 574 1852 635 ejus
1874 574 1981 620 artis
2007 574 2285 622 incrementa.

229 643 515 707 philosophis
543 640 732 690 tribuit,
767 650 867 684 tum
892 637 1254 683 ERA81STRATO
1288 648 1424 696 atque
1450 638 1779 685 HEROPHILO.
2041 637 2046 641 ’

365 728 438 786 EJ.
487 721 786 784 Compendium
818 717 993 780 hzstoriae
1029 717 1240 764 medicinae
1276 735 1302 763 a
1343 734 1489 765 rerum
1515 723 1637 764 initio
1661 719 1721 765 ad
1749 720 2020 767 HADRIANI
2053 719 2287 766 AUGUSTI

225 788 432 852 exceffizm
466 788 584 833 Hall.
607 796 740 843 1741.
757 784 837 837 ‘83⁸‘
901 783 1049 829 Pauca
1068 781 1159 828 huc
1184 780 1361 828 faciunt
1376 801 1391 834 3
1424 780 1519 836 fere
1541 787 1872 833 ASCLEPlADIS
1891 785 2057 844 ,placita
2076 817 2091 838 ,
2130 785 2173 831 &
2200 798 2291 834 me-

232 855 537 904 thodicorum.

351 931 628 983 „Pr-omiserat
645 928 876 976 historiam
905 927 1143 974 medicinae
1168 927 1223 973 ad
1251 939 1473 988 reparatas
1505 925 1646 989 usque
1676 928 1825 976 literas
1853 931 2184 983 continuatam,
2215 927 2290 976 sed

227 1000 349 1048 *nihil
374 1000 495 1045 ultra
521 995 705 1057 prodiit.
775 992 943 1040 Infelix
967 991 1058 1038 fuit
1082 994 1131 1038 in
1158 1009 1204 1037 re
1226 990 1452 1038 familiari.

362 1079 623 1140 Phyfiologia
652 1076 816 1122 medica
849 1078 944 1134 usui
971 1076 1282 1137 praelefflionum
1308 1073 1585 1120 accomodata
1613 1073 1784 1133 prodiit
1806 1090 1911 1119 cura
1936 1073 2091 1133 generi
2115 1072 2292 1135 Christo-

226 1146 355 1210 phori
390 1145 533 1192 Caroli
562 1143 808 1191 STRUMPF
843 1141 963 1187 Hall.
991 1152 1127 1199 1747.
1162 1138 1372 1204 (1746.)
1410 1141 1481 1192 8.*
1535 1140 1915 1197 BOERHAAVHJM
1948 1136 2178 1198 sequitur,
2215 1136 2290 1184 sed

228 1210 456 1259 timidius.

365 1293 421 1338 In
438 1292 707 1337 {BUCHNERI
733 1288 993 1347 miscellanea
1027 1298 1161 1345 1727.
1190 1285 1413 1332 defectum
1436 1285 1662 1348 glandulae
1690 1285 1876 1345 pinealis
1898 1284 1946 1331 in
1974 1281 2134 1331 fatuo:
2165 1284 2291 1344 glan-

236 1358 365 1405 dulas
393 1354 678 1464 thjgireoideas
703 1352 842 1404 duas3
880 1352 995 1398 duos
1023 1351 1184 1397 duetus
1207 1352 1517 1412 pancreaticos
1532 1369 1546 1404 3
1582 1350 1974 1411 invaginationem
1994 1347 2198 1395 intestini
2225 1350 2293 1394 in-

235 1436 430 1468 nocuam
491 1430 585 1464 nat.
2275 1433 2277 1436 ⁴

367 1504 423 1548 In
441 1506 594 1549 Comm.
618 1503 721 1545 Litt.
738 1503 849 1544 Nor.
871 1510 1005 1555 1731.
1025 1497 1090 1558 sp.
1113 1509 1152 1554 ς.
1185 1497 1278 1558 agit
1304 1497 1357 1544 de
1385 1495 1573 1544 officulo
1600 1494 1874 1543 sesamoideo
1890 1494 2110 1542 vertebrae
2132 1493 2290 1555 primae

234 1567 498 1615 lumborum
512 1583 531 1616 .;
567 1564 621 1609 de
642 1574 789 1614 utem,
819 1562 867 1607 in
892 1579 982 1621 quo
1008 1560 1237 1622 sanguinis
1263 1562 1503 1614 nonnihil3
1532 1562 1585 1608 de
1613 1562 1850 1607 tuberculo
1867 1561 2079 1610 LOWERI
2105 1574 2287 1621 magno.

363 1648 432 1696 lb.
472 1647 526 1692 de
552 1642 894 1716 transudatione
919 1643 1209 1704 pinguedinis
1235 1660 1312 1703 per
1335 1642 1546 1689 vasorum
1567 1660 1718 1703 poros.

361 1732 487 1781 Ann.
517 1738 652 1787 1732.
684 1723 803 1772 hebd.
827 1737 898 1785 51.
938 1726 1009 1772 De
1035 1724 1167 1771 dente
1199 1724 1428 1785 elephanti
1451 1741 1590 1786 prope
1612 1725 1775 1771 Halam
1803 1734 1998 1785 repertO.

830 1852 879 1910 ς.
916 1821 1421 1900 ΒορριΧΧΧΙΙ.
1527 1855 1664 1902 Varii.

365 1977 418 2028 J.
434 1969 659 2018 Leonhard
677 1971 868 2017 F'RISCH
901 1966 1198 2028 Beschreibung
1221 1985 1307 2013 von
1334 1968 1501 2027 allerley
1537 1967 1719 2026 Insefz‘en
1741 1971 1784 2013 in
1815 1965 2125 2027 Deutschlcmd,
2153 1967 2288 2014 XIII.

235 2037 409 2088 Theile.
446 2037 609 2081 Berlin.
636 2035 811 2081 Tomus
831 2036 865 2079 l.
884 2048 987 2078 ann.
1011 2030 1181 2089 1720.*
1214 2034 1386 2078 'somus
1409 2033 1536 2078 XIII.
1560 2048 1666 2077 ann.
1695 2038 1828 2089 1738.
1849 2034 1926 2090 4.*
1992 2030 2081 2078 Etsi
2106 2033 2290 2090 propius

239 2104 295 2151 ad
321 2100 552 2148 historiam
585 2100 835 2144 naturalem
863 2097 1087 2156 pertinet,
1136 2098 1281 2142 multa
1306 2108 1459 2141 tamen
1488 2095 1618 2141 habet
1647 2096 1703 2141 ad
1729 2095 2073 2156 generationem
2098 2093 2290 2141 infesto-

241 2183 371 2219 rum,
404 2163 459 2210 ad
488 2162 695 2208 animalia
727 2163 854 2221 gallis
889 2158 1070 2212 similia,
1119 2160 1172 2204 ad
1202 2176 1285 2206 ova
1319 2162 1359 2205 8<
1397 2158 1699 2205 exclusionem
1736 2160 2025 2219 pertinentia.
2093 2160 2164 2204 De
2194 2158 2291 2205 aliis

243 2232 377 2278 etiam
397 2225 674 2274 institorum
700 2225 993 2285 scriptoribus
1016 2225 1066 2268 in
1096 2221 1187 2269 suis
1219 2221 1562 2283 praefationibus
1590 2224 1760 2282 judicia
1780 2222 1935 2268 adfert.

373 2311 448 2370 EJ.
487 2305 784 2367 Beschreihzmg
815 2306 892 2352 der
926 2305 1050 2366 Vo'gel
1083 2305 1234 2350 Berlin
1266 2318 1401 2362 1733.
1430 2305 1485 2350 ad
1516 2310 1649 2363 1736.
1720 2303 2015 2363 Splendidum
2049 2306 2091 2350 ὃς
2126 2304 2293 2364 pretio-

243 2374 342 2423 sum
369 2389 499 2433 opus,
528 2368 735 2429 &ipsum
763 2368 916 2429 paffim
943 2369 998 2414 ad
1025 2384 1263 2422 venerem,
1298 2386 1409 2422 ova,
1447 2369 1689 2427 cibumque
1716 2369 1871 2414 avium
1901 2368 2109 2428 pertinet.
2174 2372 2291 2413 Aves

243 2454 422 2499 rapaces
443 2435 604 2495 pilulas
631 2431 774 2479 facere
803 2450 858 2478 ex
884 2434 1069 2479 materia
1097 2432 1341 2492 indigesta,
1380 2448 1451 2479 eas
1482 2448 1720 2484 evomere;
1775 2432 1910 2477 etiam
1941 2433 1990 2478 in
2017 2429 2215 2492 piscibus
2246 2428 2291 2477 se

244 2503 406 2566 pilulas
431 2496 598 2547 vidisse.
665 2498 831 2543 Anates
860 2499 1008 2542 varios
1032 2513 1087 2541 ex
1113 2496 1438 2556 imaginatione
1460 2498 1631 2542 colores
1648 2494 1788 2541 vfacile
1812 2496 2028 2556 accipere.

371 2582 449 2644 EJ.
481 2577 582 2641 Eph.
609 2582 722 2625 Nat.
752 2582 851 2624 Cur.
887 2577 974 2623 Vol.
998 2577 1033 2622 Ι.
1067 2576 1151 2635 obs.
1180 2588 1287 2624 221.
1317 2578 1505 2625 latibula
1530 2576 1920 2638 vespertilionum.

368 2666 427 2711 In
456 2660 632 2720 Mzscell.
663 2656 983 2714 Beroline'nfibus
1017 2661 1135 2704 Cont.
1161 2659 1218 2704 Π.
1257 2658 1529 2719 hypothesin
1559 2660 1719 2714 tradit,
1763 2661 1848 2706 tria
1886 2660 2110 2707 vermium
2135 2657 2295 2705 huma-

245 2745 412 2778 norum
441 2741 602 2788 genera
630 2722 750 2768 idem
777 2721 857 2766 effe
885 2722 1077 2773 animal,
1117 2723 1157 2766 &
1185 2724 1455 2769 lumbricum
1485 2726 1722 2771 evolutum
1745 2725 1794 2771 111
1816 2724 1996 2770 taeniam
2023 2724 2161 2770 abire.

371 2809 437 2855 Ib.
473 2807 525 2853 de
547 2803 800 2864 aphidibus.
869 2803 1046 2848 Omnes
1071 2802 1294 2861 viviparas
1315 2802 1420 2856 effe,
1457 2804 1601 2851 fetum
1626 2807 1891 2860 maximum,
1918 2823 2085 2853 marem
2107 2806 2295 2853 alatum.

376 2890 417 2950 J.
440 2889 503 2934 M.
535 2888 769 2933 GLUSING
789 2918 801 2935 ,
838 2884 917 2942 qui
941 2881 983 2928 se
1007 2881 1281 2928 archiatrum
1309 2883 1579 2930 Polonicum
1604 2886 1747 2940 dixit,
1787 2890 1828 2933 Sc
1857 2888 2114 2947 Hamburgi
2141 2888 2289 2940 vixit,

250 2957 482 3003 Anatomia
509 2949 734 2995 rationalis
763 2945 854 3005 &a
911 2946 1160 3009 Hamburg.
1189 2957 1323 3004 1720.
1345 2958 1387 3003 4.
1426 2964 1528 3000 cum
1557 2954 1597 2995 5,
1622 2949 1741 2996 tabb,
1780 2949 1891 2996 folio
1925 2948 2141 3015 magna*
2206 2950 2295 2997 Ni-

2225 3012 2293 3063 hil
