2531 3394
682 109 729 170 ς.
765 119 853 173 883
883 140 947 149 —
982 121 1090 172 886.
1156 117 1205 164 P.
1239 118 1294 164 A.
1327 115 1829 172 MICHELOTTI.
1886 138 1890 142 ’
2194 128 2287 188 ¹43

360 242 540 308 Versuch
566 243 699 292 XVI.
741 244 904 293 Partus
924 243 1238 294 veficularum.
1305 243 1486 292 Menses
1507 243 1590 292 sub
1615 263 1736 308 genu
1761 250 1884 298 viam
1910 252 1988 302 fibi
2013 238 2280 317 aperientes.

356 331 514 390 Equus
535 327 658 389 sepes
675 362 688 382 ,
724 327 806 375 bos
834 328 1132 388 quinquepeS‚
1161 329 1203 374 &
1231 327 1317 373 alia
1347 328 1589 388 ejusmodi.

362 408 538 471 Versuch
563 411 717 459 XVII.
743 410 798 457 de
833 412 1007 469 Georgii
1033 396 1265 456 GEHLiiRl
1292 410 1359 456 M.
1379 410 1422 458 S.
1453 408 1798 459 Chiromantico
1815 447 1828 467 ,
1867 415 1910 462 ἃ
1931 420 2164 466 nonnullis
2184 421 2281 482 ejus

222 476 336 524 artis
361 476 534 537 legibus
550 510 563 530 ‚
597 492 701 536 quae
726 473 801 521 hic
828 473 1016 521 minime
1042 473 1360 534 repudiantur.

350 561 508 605 Atreta
535 557 715 619 vagina.

358 640 508 701 Digiti
529 655 691 687 manus
709 636 925 699 pedisque
953 637 1153 685 connati.
1219 637 1382 685 Breves
1400 636 1497 684 aliae
1522 637 1832 689 monstrorum
1855 640 2055 692 historiae
2070 679 2083 699 ‚
2120 662 2175 706 ex
2197 658 2282 696 ter-

225 718 326 752 E'OI'C
353 717 584 751 natorum.

352 787 518 847 Aliqua
549 784 604 831 de
631 782 903 845 multiparis.

353 869 486 914 Fetus
511 867 690 927 gemelli
712 864 959 926 epigastriis
983 866 1208 913 connatis.

348 951 423 996 De
449 948 720 995 animalibus
745 958 906 1008 praeter
928 959 1103 996 naturae
1129 945 1508 998 consuetudinem
1530 951 1658 1001 albis.

350 1032 522 1079 Manus
550 1032 592 1077 &
614 1046 691 1091 pes
722 1025 962 1076 difformis.

361 1109 540 1173 Verficch
561 1111 739 1159 XVIII.
795 1111 992 1158 Gemelli
1016 1113 1252 1159 communi
1286 1111 1493 1163 funiculo
1520 1116 1785 1165 umbilicali.

355 1195 695 1242 Diverticulum
721 1192 925 1240 intestini
953 1195 1029 1241 ilei
1056 1195 1108 1241 in
1134 1196 1301 1256 puello,

353 1278 425 1323 De
446 1280 571 1324 Petri
602 1276 646 1324 la
682 1276 926 1325 CouREGE
958 1277 1187 1325 anatomia
1218 1294 1369 1333 cerea,
1421 1279 1476 1327 de
1518 1281 1840 1332 Nousssmms
1869 1284 2094 1346 ejusmodi
2128 1287 2284 1338 statuis

225 1341 430 1403 aliisque.
1352 1402 1355 1406 ,

944 1408 987 1466 5.
1022 1406 1557 1458 DCCCLXXXVI.

616 1505 773 1552 Petrus
806 1505 1020 1550 Antonius
1048 1504 1409 1554 MICHELOTTI.
1476 1509 1535 1555 D.
1572 1510 1886 1561 BEssNouLm.

351 1601 751 1655 MICHELOTTUS‚
773 1601 1091 1654 Tridentinus,
1119 1603 1329 1651 Medicus
1344 1605 1566 1660 Venetus,
1601 1608 2080 1669 jatromathematicus
2101 1631 2155 1661 ex
2173 1632 2284 1676 prae..

225 1666 370 1728 cipuis
391 1667 433 1713 &
459 1665 756 1712 cautioribus.
825 1666 942 1726 EJus
969 1665 1022 1711 de
1037 1665 1311 1728 separatione
1326 1669 1569 1731 fluidorum
1583 1676 1627 1718 in
1650 1687 1825 1735 corpore
1843 1679 2026 1723 animali
2043 1677 2281 1740 dissertatio

224 1731 391 1778 Venet.
411 1741 546 1789 1721.
575 1728 656 1788 4.*
689 1746 787 1776 non
823 1730 1058 1776 minimam
1093 1729 1386 1794 physiologiae
1416 1746 1590 1794 partem
1631 1739 1849 1785 continet.
1918 1740 1974 1787 In
1994 1744 2284 1803 praenotandis

226 1794 281 1842 de
310 1795 461 1841 fluidis
487 1795 537 1840 in
565 1810 728 1855 genere
760 1793 867 1855 agit.
935 1794 1048 1840 Inde
1070 1794 1234 1855 incipit
1261 1797 1378 1858 leges
1409 1797 1671 1848 secretionis
1694 1800 1942 1850 humorum
1969 1821 2124 1853 eruere
2146 1825 2157 1853 ε
2209 1809 2282 1856 uti

226 1856 467 1921 glutinosae
491 1859 723 1918 particulae
749 1876 774 1905 a
794 1859 947 1905 minus
978 1857 1217 1919 glutinosis
1236 1894 1248 1913 ‚
1284 1861 1472 1909 elasticae
1502 1880 1526 1910 a
1552 1868 1703 1912 minus
1733 1867 1921 1915 elasticis
1942 1903 1955 1922 ‚
2001 1872 2142 1931 magis
2179 1889 2283 1919 cen-

226 1920 406 1984 trifugae
431 1939 455 1968 a
479 1923 631 1968 minus
659 1921 923 1984 centrifugis
947 1920 1168 1970 secedant.
1238 1926 1303 1971 Ut
1331 1942 1386 1972 ex
1411 1929 1623 1987 aequabili
1648 1929 1867 1990 preffione
1891 1935 2118 1982 circularis
2136 1935 2285 1998 figura

226 1984 435 2035 vasorum
466 1984 671 2032 nascatur
716 1994 846 2043 (non
874 1985 1098 2033 nascitura
1126 1986 1156 2033 si
1189 1991 1378 2048 parietes
1402 1993 1687 2052 inaequaliter
1720 1995 1892 2042 robusti
1923 1995 2075 2046 forent
2095 2034 2106 2053 ‚
2152 2013 2205 2048 ut
2231 2002 2282 2048 in

225 2052 432 2111 exemplo
448 2049 626 2097 sinuum
642 2051 765 2098 durae
778 2051 1052 2097 membranae
1063 2052 1281 2107 cerebri).
1333 2055 1446 2102 Inde
1459 2058 1647 2104 metitur
1662 2057 1918 2119 preffiones‚
1937 2078 2046 2121 quas
2061 2062 2198 2112 fluida
2211 2082 2285 2112 ex.

223 2116 467 2176 periuntur
483 2149 495 2168 ‚
532 2131 725 2175 quamve
750 2116 925 2162 canales
947 2116 1095 2161 conici
1119 2117 1267 2163 aliive.
1336 2119 1474 2166 Recte
1500 2135 1650 2182 negat,
1683 2123 1736 2168 ab
1762 2125 1963 2184 angustia
1986 2127 2282 2176 minimorum

226 2177 439 2226 vasorum
479 2177 744 2239 sanguinem
786 2181 1032 2226 accelerari.
1119 2181 1269 2241 Negat
1302 2185 1591 2231 velocitatem
1634 2184 1868 2247 sanguinis
1905 2189 1954 2235 in
1985 2190 2086 2241 data
2119 2196 2280 2241 arteria

226 2255 431 2290 accurate
461 2242 576 2303 posse
605 2241 854 2289 mensurari
871 2262 884 2295 3
929 2242 1147 2290 retardari
1172 2255 1326 2290 tamen
1353 2247 1403 2292 in
1437 2249 1663 2302 minimis,
1701 2252 1833 2297 etiam
1869 2269 1923 2298 ex
1946 2254 2118 2302 adtritu
2148 2259 2188 2303 &
2209 2256 2279 2304 su-

226 2319 381 2367 perata
408 2308 662 2353 tenacitate.
730 2309 800 2353 De
832 2308 1051 2367 plicarum
1082 2308 1129 2353 vi
1156 2309 1441 2356 velocitatem
1467 2310 1718 2374 frangente.
1808 2317 2061 2365 Globulum
2102 2323 2279 2381 gravio-

227 2387 323 2417 rem
351 2372 573 2416 minorem
602 2372 888 2418 velocitatem
922 2388 946 2417 a
973 2372 1210 2417 communi
1240 2372 1369 2420 causa
1398 2376 1608 2436 recipere.
1699 2380 1976 2440 Sanguinem
2005 2399 2030 2429 a
2052 2388 2278 2433 contracta

228 2435 390 2481 arteria
420 2434 604 2494 perinde
629 2436 683 2480 ad
711 2452 788 2481 cor
811 2448 932 2481 retro
959 2436 1046 2496 agi,
1084 2437 1154 2481 uti
1172 2437 1225 2481 ad
1247 2454 1395 2485 ramos
1421 2453 1731 2499 promovetur.
1800 2445 1888 2491 Hic
1915 2446 2120 2506 digressio
2140 2450 2278 2495 inter-

225 2500 346 2546 cedit
371 2497 425 2543 de
439 2497 500 2551 vi,
533 2514 667 2558 quam
681 2497 920 2560 fanguisin
935 2501 1149 2559 pulmone
1171 2501 1354 2560 patitur,
1389 2515 1469 2550 aut
1492 2504 1554 2558 vi,
1590 2522 1679 2566 qua
1707 2514 1781 2553 a'e'r
1802 2507 1852 2554 in
1876 2508 1979 2556 vasa
2007 2513 2275 2570 pulmonum

227 2564 408 2610 nititur.
482 2563 637 2621 Longe
663 2564 791 2608 aliter
806 2563 954 2609 noster
977 2580 1111 2623 quam
1132 2565 1358 2619 KEILIUS,
1393 2582 1540 2627 neque
1564 2571 1658 2615 vim
1684 2571 1796 2617 aeris
1821 2574 1868 2617 in
1898 2575 2110 2632 pulmone
2137 2578 2276 2635 majo-

226 2644 322 2673 rem
355 2625 431 2672 sex
452 2627 601 2688 unciis
626 2623 758 2679 facit,
796 2626 1110 2686 exspirationis
1133 2629 1226 2673 vim
1253 2627 1346 2676 fere
1376 2632 1702 2692 quadruplam,
1750 2636 2021 2682 celeritatem
2058 2654 2164 2685 vero
2199 2656 2274 2686 ex-

227 2689 341 2750 pulfi
384 2690 496 2736 aeris
544 2690 711 2751 pedum
747 2702 857 2749 400.
899 2691 947 2735 in
984 2692 1165 2737 minuto
1196 2690 1409 2740 secundo.
1505 2697 1575 2742 De
1607 2695 1775 2743 fabrica
1802 2700 2133 2759 glandularum.
2219 2705 2274 2750 In

225 2755 519 2864 ΒΙΑΝῗΗυΜ.
612 2754 809 2815 Epistola
832 2755 1128 2803 MORGAGM
1155 2772 1238 2817 pro
1268 2756 1459 2806 vesicula
1488 2762 1661 2808 arteriae
1689 2765 1729 2809 ὃς
1751 2762 1907 2809 άυόωἱ
1932 2767 2180 2813 excretorio
2203 2768 2272 2814 in-

226 2830 354 2879 terpo
375 2831 453 2865 1ta.

355 2900 567 2961 Denique
599 2899 650 2946 de
679 2898 901 2948 humorum
934 2905 979 2947 in
1009 2914 1184 2964 corpore
1212 2899 1397 2952 humano
1421 2904 1669 2964 secretione.
1739 2906 1847 2964 Ejus
1871 2908 1987 2968 leges
2015 2911 2174 2971 aliquae
2200 2930 2272 2971 ge-

229 2964 414 3011 nerales.
483 2965 749 3014 Fluidorum
776 2964 1084 3013 humanorum
1116 2965 1412 3016 consideratio
1437 2972 1479 3016 &
1509 2967 1679 3016 diversa
1704 2969 1895 3025 indoles,
1933 2989 2092 3033 parum
2122 2978 2268 3036 plene.

2188 3041 2271 3085 Pro
