2531 3394
282 89 375 134 662
624 83 636 91 ⁷
683 85 818 135 LIB.
862 88 953 136 tx.
995 84 1439 135 VANATOMES
1481 84 1932 138 PERFECTIO.

407 180 523 238 John
560 183 810 232 STEDMAN
842 181 1138 246 physiological
1172 180 1299 244 effizys
1325 179 1414 226 and
1443 179 1734 239 obfhrvations
1780 183 2047 245 Edinburgh
2070 174 2214 244 ⁴1769.
2253 184 2338 241 affl·
2369 210 2373 212 -

279 246 884 370 glegfflgsellsgefoglyphioe
915 245 1103 309 expreffi
1131 263 1209 306 per
1232 257 1374 291 certas
1399 246 1553 292 lineas.
1611 253 1680 295 ’2.
1717 249 1788 293 De
1817 248 2045 296 mensibus
2067 267 2082 302 ;
2126 258 2279 297 tamen
2307 267 2336 298 a
2408 305 2413 307 ‚

407 393 462 439 R.
484 393 673 442 Cuu'rls
709 413 763 443 on
795 392 864 441 the
876 392 1089 454 struflure
1115 389 1205 437 ancl
1217 390 1340 452 form
1360 390 1413 452 of
1425 388 1493 437 the
1515 387 1626 437 teeth
1669 390 1868 439 London
1892 398 2027 450 1769.
2061 392 2168 443 12.*
2219 395 2334 442 Ger.

283 456 460 503 manice
486 464 621 516 1770.
647 458 726 512 8.*
759 460 886 520 parvi
915 457 1136 502 mon-enti
1164 458 1193 501 l.
1214 458 1263 501 in
1288 455 1573 501 anatomicis.
2326 479 2333 485 ‹
2377 450 2381 463 ‘

408 543 451 591 A
469 540 764 601 'compendium
789 537 990 600 ofpkryfik
1017 537 1107 582 and
1121 537 1305 599 fitrgery
1340 536 1537 583 London
1563 543 1697 594 1769.
1735 543 1778 590 8.

406 618 521 675 John
541 623 839 668 CAVERHJLL
864 618 1033 676 tremis}
1055 636 1108 664 on
1132 616 1201 664 the
1225 617 1344 675 cause
1370 617 1459 662 and
1487 633 1587 663 cure
1609 617 1660 676 of
1675 616 1748 665 the
1768 631 1874 680 gout
1917 619 2063 666 Lond.
2089 625 2222 678 1759.
2257 621 2333 673 8.*

277 684 469 733 Naturae
502 686 597 746 lege
621 685 792 730 arteriae
819 685 864 729 vi
893 681 1201 729 musculorum
1230 681 1449 742 paulatim
1479 681 1730 740 compreffae
1755 686 1997 729 arctantur.
2066 684 2244 729 Eaedem
2274 686 2335 730 la-

277 760 475 801 xantur,
517 748 698 807 quando
732 747 914 799 humor,
952 747 1181 792 diminuto
1204 761 1328 791 nunc
1361 742 1672 790 musculorum
1705 760 1834 792 motu
1855 781 1867 799 ‚
1912 747 1962 792 in
1997 746 2207 793 cellulosa
2244 748 2334 794 tela

279 812 545 872 congeritur
571 814 652 858 &a
722 811 881 856 leones
907 827 1016 856 meae
1047 810 1310 856 arteriarum
1341 810 1504 868 plantae
1532 809 1657 867 pedis
1682 808 1756 855 hic
1778 811 1983 856 redeunt.

409 894 484 954 EJ.
533 897 827 954 Experiments
858 908 910 938 on
937 890 1007 937 the
1036 890 1157 950 causi²
1187 891 1240 951 of
1258 888 1356 936 heat
1386 895 1430 936 in
1456 890 1594 950 living
1626 892 1808 937 animals
1854 891 2051 938 London
2083 903 2217 949 1770.
2258 892 2334 946 8.*

282 958 472 1005 Succum
502 973 717 1002 nerveum
747 957 902 1002 terreis
932 954 1032 1001 fieri
1064 955 1324 1015 particulis,
1362 955 1482 1000 lente
1522 954 1727 999 moveri:
1779 956 1937 1001 caloris
1972 967 2123 1001 tamen
2155 954 2333 1002 causam

281 1019 378 1068 effe.
469 1021 522 1067 In
564 1021 777 1066 cuniculo
816 1018 1040 1080 perforata
1079 1018 1276 1064 medulla
1316 1016 1478 1078 spinali
1529 1018 1651 1062 calor
1686 1020 1893 1064 animalis
1938 1017 2094 1064 sensim
2126 1020 2332 1079 *diminu-

277 1095 350 1131 tus
375 1083 449 1129 est.
532 1081 689 1129 Pulsus
715 1095 925 1129 numerat
961 1082 1016 1128 ad
1056 1089 1145 1137 180
1181 1084 1220 1127 &
1256 1093 1363 1127 200.
1433 1081 1604 1126 Cuma
1639 1080 1738 1127 laesa
1774 1083 1968 1127 medulla
1995 1080 2156 1141 spinali
2188 1081 2331 1142 frigus

282 1147 448 1194 animal
478 1160 742 1207 occuparet,
780 1163 856 1192 cor
883 1158 1034 1192 tamen
1063 1146 1250 1191 celerius
1279 1144 1561 1191 movebatur.
1628 1145 1753 1203 Ignis
1778 1147 1976 1206 vulgaris
2009 1143 2188 1205 pulsum
2217 1145 2331 1192 inci-

276 1222 358 1258 tat.
457 1212 592 1257 Calor
621 1211 828 1257 animalis
860 1227 885 1256 a
910 1211 1147 1256 vulnerata
1186 1209 1383 1254 medulla
1420 1206 1582 1266 spinali
1619 1208 1823 1267 delapsus
1869 1208 1930 1254 est
1974 1225 2000 1254 a
2046 1220 2130 1264 103
2170 1208 2224 1255 ad
2265 1220 2330 1267 94

280 1291 305 1320 a
332 1288 420 1322 100
446 1274 500 1320 ad
524 1281 608 1332 84,
646 1290 670 1319 a
696 1280 758 1330 96
787 1273 843 1319 ad
871 1287 927 1330 71
962 1275 1042 1319 ἃς).
1073 1274 1114 1318 ἃ
1141 1273 1306 1318 animal
1333 1272 1494 1331 periit,
1541 1269 1756 1318 musculis
1785 1271 2106 1332 posterioribus
2144 1273 2331 1319 emacia-

279 1338 363 1391 tis,
404 1354 507 1384 cum
533 1336 716 1397 frigore.
786 1338 921 1384 Calor
947 1353 1043 1383 non
1073 1335 1134 1381 est
1157 1337 1205 1381 in
1230 1337 1406 1382 ratione
1436 1333 1621 1394 pulsus:
1655 1352 1761 1381 nam
1789 1353 1892 1382 cum
1923 1335 2117 1381 medulla
2142 1334 2326 1395 spinalis

281 1400 377 1447 lasa
404 1400 506 1447 effet
524 1437 533 1453 ,
572 1399 813 1461 pulsusque
850 1412 962 1452 122,
997 1401 1118 1446 calor
1142 1411 1321 1445 tantum
1346 1397 1435 1444 suit
1457 1405 1517 1456 78
1534 1432 1546 1450 ‚
1577 1401 1619 1445 &
1647 1415 1751 1445 cum
1783 1412 1871 1459 140
1893 1397 2046 1460 pulsus
2071 1397 2222 1453 effent,
2255 1415 2326 1446 ca-

274 1465 344 1512 lor
363 1463 451 1511 fuit
476 1465 570 1523 83}
612 1463 800 1524 (pulsus
831 1480 992 1524 nempe
1017 1462 1230 1522 frequens
1253 1465 1294 1509 ὃς
1321 1463 1548 1522 parvus).

402 1547 478 1607 EJ.
523 1545 711 1604 Treatifh
737 1546 1020 1607 osganglions
1054 1545 1249 1591 London
1276 1556 1410 1603 1772.
1439 1544 1519 1598 8.*
1568 1544 1765 1605 Ganglia
1788 1542 1880 1591 fere
1906 1544 2076 1591 arteriae
2099 1544 2235 1591 alicui
2258 1544 2330 1591 in-

275 1610 523 1663 cumbunt,
560 1611 690 1669 cujus
719 1610 901 1655 micatio
926 1610 1181 1655 uberiorem
1205 1607 1312 1655 facit
1332 1608 1561 1654 influxum
1588 1606 1856 1667 spirituum,
1893 1609 1972 1667 qui
1992 1609 2126 1654 iidem
2154 1610 2202 1654 in
2231 1625 2329 1654 om-

274 1690 354 1722 nes
381 1673 607 1720 musculos
631 1685 879 1734 urgentur,
911 1673 991 1732 qui
1019 1674 1074 1718 ab
1103 1688 1155 1718 eo
1182 1674 1363 1733 ganglio
1394 1689 1541 1718 ramos
1570 1671 1752 1718 habent.
1820 1672 2042 1718 Plexuum
2075 1672 2227 1718 eadem
2263 1671 2326 1718 est

273 1739 474 1792 utilitas,
512 1739 662 1784 minor
682 1750 848 1784 tamen.
918 1737 1097 1782 Carotis
1123 1738 1258 1782 etiam
1296 1735 1548 1796 pulsatione
1578 1733 1656 1781 sua
1685 1752 1849 1782 nervos
1879 1736 2024 1782 cordis
2056 1747 2222 1795 urgets
2248 1751 2326 1782 cor

275 1802 450 1848 incitat.
520 1802 665 1848 Simili
687 1801 862 1846 ratione
889 1812 1064 1847 motum
1085 1798 1392 1846 musculorum
1420 1799 1775 1845 intercostalium
1800 1800 1988 1859 exponit
2013 1801 2054 1845 ἃ
2072 1797 2324 1858 respiratio-

273 1881 394 1911 nem.
461 1866 516 1911 In
540 1865 690 1911 nervis
717 1862 926 1909 sensoriis
952 1866 993 1910 &
1024 1864 1150 1925 vagis
1170 1865 1296 1910 nulla
1322 1864 1501 1924 ganglia
1528 1861 1624 1909 effe.
1693 1863 2054 1909 Recurrentibus
2076 1863 2229 1909 nervis
2255 1878 2323 1909 re-

272 1927 401 1975 sectis
433 1944 589 1974 vocem
621 1925 892 1988 superfuilse.

405 2008 521 2064 John
550 2007 800 2056 BRISBANE
839 2021 1039 2068 anatomy
1075 2008 1129 2069 of
1146 2012 1346 2070 painting
1382 2025 1433 2055 or
1467 2026 1494 2055 a
1524 2005 1657 2068 short
1693 2007 1783 2055 and
1819 2008 1913 2068 easy
1952 2007 2242 2055 introdub‘t'ion
2277 2019 2323 2054 to

275 2083 473 2132 anatomy
495 2073 615 2133 being
638 2080 681 2118 6.
710 2072 841 2119 tables
867 2074 920 2134 ⁰f
937 2076 1161 2119 ALBINUS
1191 2070 1293 2118 with
1321 2073 1459 2118 linear
1482 2075 1646 2134 figures
1680 2090 1732 2119 on
1765 2090 1791 2118 a
1810 2072 1985 2131 finaller
2006 2072 2146 2131 scale,
2179 2075 2321 2117 ALssl-

276 2149 373 2244 {Qus
386 2139 529 2246 figgrle
554 2138 606 2198 of
620 2134 690 2182 the
713 2148 859 2183 uterus
878 2171 889 2190 ,
925 2135 994 2183 the
1014 2149 1212 2195 anatomy
1231 2136 1502 2196 ofCELsUS‚
1538 2134 1607 2182 the
1620 2134 1853 2198 phystology
1880 2136 2133 2196 ofClcERO
2171 2134 2318 2182 Lond.

305 2206 411 2257 769.
470 2217 496 2244 o
518 2235 529 2245 .

301 2343 335 2391 st
401 2281 477 2341 EJ.
513 2280 643 2351 Sele&
665 2280 770 2339 cases
797 2286 841 2328 in
866 2280 935 2329 the
954 2281 1143 2345 prufflice
1168 2282 1221 2344 of
1234 2281 1436 2328 medicine
1470 2280 1668 2329 London
1692 2292 1826 2340 1772.
1854 2282 1928 2336 8.*
1964 2281 2121 2328 Potius
2137 2280 2321 2341 practici

273 2360 296 2392 e
360 2355 631 2405 argumenti.
2319 2360 2329 2363 ⁴

251 2467 255 2469 .
403 2425 564 2472 Robert
606 2425 792 2473 Wallace
827 2427 1107 2487 JOHNSTON
1155 2443 1247 2473 new
1281 2427 1431 2489 sjstem
1473 2425 1527 2487 of
1555 2426 1773 2487 midwifry
1822 2427 2017 2474 London
2051 2434 2183 2485 1769,
2235 2423 2319 2485 4*

201 2538 205 2542 ,
271 2491 442 2550 Magna
464 2504 562 2548 pars
577 2490 828 2534 anatomica
845 2492 886 2534 ἃ
911 2489 1211 2550 physiologica
1235 2490 1310 2536 est.
1378 2494 1600 2537 Anatome
1623 2492 1817 2549 partium
1843 2492 2121 2551 genitalium.
2189 2489 2319 2537 Psoa-

273 2553 349 2599 des
377 2551 590 2604 musculi,
627 2552 808 2611 quando
833 2551 948 2598 fetus
982 2569 1135 2599 vertex
1167 2571 1242 2600 eos
1269 2556 1318 2601 in
1345 2566 1475 2613 partu
1503 2555 1671 2614 tangit,
1703 2553 2040 2601 contrahuntur
2058 2589 2070 2607 ‚
2102 2555 2315 2600 verticem

273 2614 525 2662 extrorsum
565 2618 765 2675 pellunt,
816 2629 867 2662 ut
904 2629 1035 2674 caput
1067 2619 1247 2677 oblique
1285 2619 1335 2663 in
1366 2619 1566 2677 margine
1607 2616 1825 2677 superiori
1863 2620 2003 2678 pelvis
2047 2619 2311 2663 retineatur.

270 2677 496 2726 Mensurae
525 2680 665 2738 pelvis
706 2681 745 2725 &
785 2680 942 2738 capitis
975 2676 1182 2724 fetuum:
1244 2680 1408 2727 horum
1438 2681 1615 2740 pondus
1651 2682 1768 2726 inter
1799 2695 1855 2725 10
1889 2683 1930 2726 δι
1959 2694 2014 2738 14
2040 2681 2170 2725 libras
2208 2692 2313 2738 troy

271 2743 548 2788 continetur.
620 2743 787 2802 Liquor
808 2744 856 2788 in
884 2756 1062 2789 uterum
1087 2744 1278 2799 injeeftus
1302 2746 1413 2790 exiit
1437 2761 1514 2803 per
1543 2742 1659 2797 vasa,
1696 2761 1793 2802 quae
1819 2744 2071 2803 ligamentis
2091 2743 2310 2789 teretibus

269 2806 581 2852 includuntur.
651 2806 779 2853 Ostia
804 2807 948 2859 uteri,
971 2822 1025 2850 ex
1044 2806 1209 2864 quibus
1229 2806 1400 2853 menses
1425 2820 1624 2853 manant.
1694 2809 1883 2853 Tunicae
1909 2807 1985 2851 ovi
2005 2805 2206 2858 humani,
2231 2823 2312 2865 po-

271 2867 485 2914 tiffimum
517 2869 727 2923 decidua,
773 2887 872 2930 quae
907 2871 1014 2915 olim
1052 2867 1243 2914 chorion
1273 2871 1494 2917 audiebat.
1564 2869 1894 2928 Corpusculum
1926 2871 1965 2914 ἃ
2000 2869 2127 2916 filum
2161 2870 2311 2916 noster

272 2931 387 2995 vidit
406 2945 458 2981 ut
480 2936 720 2984 Amanus,
785 2935 1027 2996 Liquorem
1053 2933 1195 2981 amnii
1219 2931 1452 2982 resorberi.
1521 2933 1672 2982 Villos
1703 2931 1823 2982 fetus
1852 2934 1903 2983 in
1927 2935 2061 2983 villos
2095 2934 2309 3045 uterisin-

2229 3009 2309 3046 ena
