2531 3394
327 124 421 177 348
502 87 506 89 ᾖ
713 82 991 160 .ι,ιΒ.”ῙΧ.
1057 106 1479 157 ANAToMEs
1525 107 1974 159 PERrEcrrio.

328 267 355 294 x*
363 251 426 293 im
438 248 489 293 in
500 240 712 293 cellulosa
725 243 812 289 tela
826 247 981 302 perire.
1020 241 1055 286 E
1057 238 1204 299 jusest
1217 249 1372 285 tonus.
1407 235 1762 297 Antagonismus
1777 239 1896 285 inter
1907 224 2194 300 diaphragma
2206 240 2247 285 &
2261 240 2383 300 pleu-
2428 249 2431 253 '

331 328 443 365 ram,
471 323 607 370 atque
618 308 943 369 peritonaeum:
981 316 1099 351 totas
1114 319 1184 349 eas
1208 303 1490 351 membranas
1515 318 1619 348 cum
1635 300 1732 351 suis*
1752 301 1972 349 cellulofis
1988 305 2160 350 alterne
2180 302 2395 350 distrahi..

460 394 539 453 EJ;
577 386 830 438 Recherches
846 387 926 446 sicr
954 385 1150 447 quelques
1170 389 1317 446 points
1338 382 1550 445 d’histoire
1574 381 1626 429 de
1651 384 1695 429 la
1717 383 1922 429 medecine
1957 385 2078 434 Paris
2104 392 2237 444 1764.
2274 383 2381 432 12.*

330 459 557 508 Historica
579 455 654 502 hic
679 453 839 505 tradit,
878 451 1020 510 deque
1049 448 1234 495 medicis
1264 447 1587 495 celebrioribus
1611 446 1840 513 liberrime
1861 447 2046 508 judicat.

462 546 515 587 In
539 540 672 585 Me‘m.
696 534 923 598 presente'es
948 536 972 577 ά
994 530 1165 577 l’Acad.
1200 532 1256 578 T.
1275 531 1331 577 11.
1370 530 1423 576 de
1454 530 1620 583 modu,
1668 546 1760 591 quo
1790 528 1879 576 offa
1915 529 2108 576 maxillae
2139 527 2382 591 superiorss

334 601 578 668 compofita
597 600 706 654 sint,
741 612 796 645 ut
818 595 1023 644 inferiori
1054 594 1269 642 refistant.
2290 619 2294 621 Α

463 687 521 733 In
533 682 724 740 Journal
737 683 1006 739 oeconomique
1024 685 1160 736 1758.
1185 678 1310 724 litem
1335 676 1537 724 intendit
1561 675 1801 735 Francism,
1830 676 2071 723 THIERRY
2095 676 2195 722 viro
2216 677 2386 737 optime

335 752 513 803 meriti,
542 749 601 795 ob
625 743 839 792 ostensam
856 741 1076 789 cellulosae
1097 744 1196 788 telae
1210 743 1493 802 dignitatem.
1562 736 1616 787 Se
1639 739 1692 785 de
1715 755 1763 785 ea
1784 739 1915 785 annis
1938 752 2069 797 1751.
2092 753 2172 801 175
2184 751 2228 787 2.
2250 753 2383 799 1754.

337 812 558 877 scripfiffe.
607 811 786 859 Sednos
803 806 1070 854 &nosterA
1088 807 1481 854 SCHOBINGERUS
1507 804 1637 850 annis
1662 815 1796 861 1747.
1822 805 1863 850 &
1889 810 2023 862 1748.
2052 802 2146 851 fuse
2159 805 2211 850 de
2231 820 2281 851 ea
2299 807 2386 851 tela

339 892 569 943 egeramus
586 909 598 930 ,
628 878 668 922 &
690 874 833 921 multo
864 887 1000 932 quam
1026 872 1365 921 Tueopmrus
1396 869 1537 929 magis
1563 883 1640 928 per
1664 866 1852 928 singula.

834 1002 880 1060 §.
916 1001 1259 1051 MXXXIII.
1358 1004 1407 1055 J.
1438 998 1622 1048 Gottlieb
1645 998 1888 1051 KR'uGER,

465 1119 683 1171 Professor
701 1118 921 1167 Hallensis
950 1121 990 1165 &
1016 1114 1384 1165 Helmstadiensis
1401 1149 1414 1169 ‚
1450 1117 1521 1162 vir
1546 1114 1727 1161 excitati
1751 1113 1952 1174 ingenii,
1984 1111 2287 1176 phyliologica
2311 1117 2389 1163 ali-

339 1207 427 1253 qua
451 1186 634 1248 scripsit.
703 1186 777 1245 EJ.
811 1182 937 1244 Disp.
967 1183 1018 1229 de
1026 1181 1261 1242 senflaetione
1294 1182 1413 1228 Hall.
1441 1191 1576 1238 1742.
1600 1178 1681 1238 4*

466 1271 544 1331 EJ.
601 1265 780 1316 Theoi-ia
796 1263 966 1327 phyfica
987 1263 1234 1310 tubulorum
1258 1262 1526 1323 >capillarum
1552 1260 1613 1307 ad
1643 1272 1784 1321 corpus
1809 1258 2040 1307 hmnanum
2072 1261 2390 1324 adplicatorum

336 1337 460 1386 Hall.
487 1344 620 1393 1742.
649 1344 694 1390 4.
730 1328 864 1390 Resp.
886 1333 943 1375 A.
971 1328 1141 1375 Samuel
1156 1328 1502 1374 HAMBACHER.

469 1418 545 1477 EJ.
582 1409 853 1462 Naturlehre
880 1423 1041 1471 zweyte
1075 1407 1219 1463 Thed,
1255 1408 1359 1455 oder
1385 1405 1636 1468 Phyfiologie
1684 1406 1802 1452 Hall.
1829 1418 1963 1464 1743.
1998 1405 2079 1460 8.*
2132 1414 2268 1467 1748.
2295 1407 2388 1464 8.*,

339 1499 440 1544 quae
458 1479 679 1542 posterior
699 1476 837 1523 editio
861 1478 990 1522 aucta
1008 1473 1085 1520 est.
1153 1473 1328 1533 Belgice
1349 1488 1451 1518 cum
1475 1473 1596 1517 notis
1627 1475 1682 1517 D.
1700 1487 1788 1516 van
1810 1470 2077 1518 GEESCHER
2115 1472 2395 1532 Amsterdam

343 1552 480 1606 1764.
505 1551 547 1599 8.
577 1545 906 1591 SANDYFORT.
975 1537 1155 1586 Nostris
1184 1538 1358 1598 placitis
1385 1533 1540 1596 paffim
1572 1533 1679 1582 usus
1706 1535 1756 1580 in
1787 1535 2022 1594 nuperiori
2046 1535 2245 1582 editione
2275 1539 2394 1584 mul.

341 1624 387 1658 ta
415 1608 673 1657 emendavit
690 1641 702 1660 ‚
739 1604 864 1652 suam
894 1604 984 1650 aeri
1006 1601 1237 1649 thoracico
1252 1601 1403 1647 datam
1427 1599 1579 1653 fidem,
1610 1597 2012 1659 musculorumque
2037 1600 2395 1648 intercostalium

339 1677 627 1723 internorum
652 1672 746 1717 vim
770 1668 1096 1720 detrahentem,
1115 1666 1385 1726 antiquavit.
1455 1664 1775 1724 Experimenta
1798 1663 2164 1713 WOODWARDI
2188 1665 2313 1725 operi
2325 1666 2397 1712 in.

339 1738 493 1785 seruit.
559 1738 718 1783 leones
743 1733 1007 1781 collectitiae.
1075 1731 1131 1777 In
1153 1730 1208 1777 T.
1230 1730 1312 1777 ΙΙΙ.
1338 1727 1370 1775 s.
1391 1727 1651 1789 pathologia
1673 1728 1766 1789 agit
1790 1728 1843 1774 de
1864 1728 2065 1788 corporis
2085 1731 2126 1775 ὃς
2142 1729 2285 1775 animi
2300 1747 2396 1777 mo-

343 1804 496 1850 tubus.
564 1799 888 1860 Proportiones
909 1796 1121 1857 partium.

470 1886 645 1945 EJUSD.
693 1879 923 1940 Grundriss
955 1882 1064 1923 eines
1084 1893 1216 1923 neuen
1241 1872 1558 1937 Lehrgebfiiudes
1587 1874 1707 1921 Hall.
1731 1885 1865 1932 1745.
1900 1870 1982 1927 82*
2048 1874 2246 1921 Mediam
2273 1876 2393 1923 inter

344 1951 673 1997 STAHLIANOS
701 1947 743 1992 &
768 1942 1052 1989 mechanicos
1080 1941 1201 1986 viam
1220 1940 1321 1985 init.
1390 1940 1551 1986 Motus
1574 1939 1711 1984 etiam
1736 1939 1896 1985 vitales
1926 1936 2200 1985 sensationes
2221 1941 2393 2000 aliquas

344 2012 482 2073 sequi,
508 2014 549 2058 &
574 2026 731 2057 eorum
757 2019 969 2053 motuum
991 2002 1166 2051 causam
1187 2005 1382 2049 animam
1407 2001 1503 2056 effe,
1539 2000 1617 2048 etsi
1639 2003 1735 2062 ejus
1759 2001 1991 2062 potestatis
2014 2018 2110 2048 non
2136 2001 2313 2049 conscia
2334 2003 2395 2050 est

347 2075 442 2124 fibi.
510 2077 740 2121 Hactenus
764 2088 871 2118 vero
906 2087 932 2116 a
958 2071 1187 2117 STAHLIO
1224 2065 1425 2119 diffidet,
1475 2066 1599 2128 quod
1633 2067 1796 2112 animae
1832 2064 2043 2126 praevisos
2080 2064 2194 2119 fines
2222 2068 2394 2126 rejicit,

347 2154 509 2202 praeter
534 2140 721 2184 unicum
746 2137 926 2196 ingrato
962 2150 986 2179 a
1016 2130 1146 2178 sensu
1176 2129 1220 2177 se
1253 2131 1480 2177 liberandi
1509 2129 1808 2181 defiderium:
1857 2128 1930 2175 sed
1961 2130 2097 2176 etiam
2127 2128 2395 2178 secretiones

347 2206 546 2263 aliasque
569 2200 826 2247 functiones
852 2199 1051 2258 corporis
1073 2194 1284 2242 animalis
1319 2195 1373 2242 de
1399 2196 1561 2242 animae
1591 2196 1781 2254 imperio
1810 2193 1982 2239 eximit.
2050 2195 2088 2240 A
2116 2193 2297 2241 stimulo
2331 2211 2397 2241 er-

346 2286 404 2328 go
431 2265 605 2314 causam
621 2277 829 2310 motuum
853 2263 902 2309 in
923 2259 1196 2307 animalibus
1219 2259 1408 2304 derivat.
1479 2259 1686 2317 (Verum
1708 2258 1875 2304 stimuli
1893 2255 2058 2317 absque
2082 2255 2232 2304 anima
2255 2269 2399 2319 agunt

344 2335 396 2378 in
422 2330 621 2391 plantis,
663 2329 714 2374 in
743 2342 886 2387 nuper
922 2324 1116 2371 mortuis
1158 2321 1467 2376 animalibus,
1516 2325 1558 2369 ὃς
1588 2323 1639 2369 in
1677 2338 1834 2368 eorum
1873 2323 2077 2383 partibus
2117 2322 2171 2369 de
2211 2313 2398 2384 corpore

343 2392 597 2457 separatis.)

472 2476 550 2536 EJ.
589 2477 658 2520 De
677 2470 994 2538 phyfiognomiae
1023 2474 1066 2516 in
1092 2487 1140 2517 re
1167 2468 1333 2516 medica
1358 2468 1551 2515 utilitate
1583 2468 1702 2515 Hall.
1726 2479 1842 2527 1745
1851 2504 1860 2515 .
1888 2465 1974 2527 4*

471 2556 550 2618 EJ.
589 2559 713 2603 Neue
735 2551 869 2599 Lehre
893 2568 979 2597 von
1007 2551 1085 2597 den
1110 2549 1586 2612 Gemiithsbewegungen
1617 2550 1737 2596 Hall.
1765 2556 1897 2609 1746.
1923 2552 1994 2604 8.*
2027 2551 2401 2610 Temperamenta

344 2621 562 2674 restituit,
598 2617 782 2664 deducit
804 2631 1091 2662 ancrvorum
1115 2613 1317 2661 tensione
1341 2615 1505 2675 majori
1532 2613 1772 2674 minorive,
1799 2616 1840 2661 &
1863 2615 2155 2673 aconjunetis
2182 2613 2399 2665 motubus

349 2686 481 2733 celeri
503 2700 608 2731 cum
643 2681 804 2733 debili,
837 2690 918 2725 aut
950 2676 1135 2723 robusto
1159 2680 1240 2724 840.
1309 2682 1528 2725 Accurate
1559 2676 1654 2725 haec
1687 2676 1931 2737 composita
1958 2690 2309 2736 temperamenta
2334 2677 2401 2724 di-

348 2751 493 2802 vidit,
535 2750 576 2795 ὃς
620 2744 845 2808 cholerico
876 2739 1223 2788 melancholicos
1253 2758 1278 2787 a
1307 2741 1637 2788 melancholico
1676 2740 1912 2787 cholericis
1949 2738 2135 2799 separat.
2220 2742 2400 2788 Omnes

350 2813 491 2859 animi
518 2809 750 2861 adfectus,
784 2808 915 2853 etiam
955 2803 1233 2864 superbiam,
1269 2821 1295 2851 a
1322 2806 1524 2865 corporis
1557 2803 1880 2851 constitutione
1913 2803 2101 2851 derivat.
2169 2805 2400 2853 Humores

350 2877 554 2937 negligit.
623 2875 788 2933 Neque
809 2870 1025 2918 videntur
1048 2867 1177 2913 nervi
1200 2866 1255 2912 ad
1278 2869 1391 2914 ullas
1420 2868 1720 2916 oscillationes
1748 2867 1905 2914 idonei
1936 2865 2032 2914 effe.

477 2957 553 3018 EJ.
595 2952 883 3017 Retrachtung
909 2954 1067 3014 einiger
1102 2945 1253 2997 Thiere
1286 2949 1407 2996 Hall.
1430 2957 1566 3010 1746.
1592 2953 1681 3007 8.*‘‚
1718 2965 1818 3010 quae
1843 2947 1983 2996 editio
2005 2950 2143 2999 altera
2171 2951 2246 3066 ellt.
2280 2952 2403 3064 lTe-
2454 2914 2458 2917 ·

2224 3032 2276 3064 eo
2299 3032 2400 3078 ogia
