2531 3394
283 116 380 176 720
670 110 809 158 LIB.
860 110 955 156 IX.
1036 104 1458 155 ANATOMES
1506 105 1951 157 PERFECTIO.

288 244 442 307 nostro
474 238 625 288 seculo
657 236 945 300 exspetiatis,
976 237 1134 297 plenus
1156 229 1511 292 hypothesibus,
1563 231 1672 278 dum
1695 235 1745 279 in
1769 232 2041 294 hypotheses
2066 235 2301 284 invehitur
2320 271 2334 290 ‚

289 326 344 356 ex
367 322 545 369 quaque
567 303 748 352 seminis
766 303 983 364 particula
1004 302 1218 360 polypum
1235 294 1419 348 faciens,
1456 295 1535 355 qui
1554 307 1686 342 utero
1700 295 1949 351 adhaerens,
1978 302 2018 345 &
2034 300 2087 346 ab
2100 314 2231 348 utero
2249 317 2340 347 am-

291 375 478 434 plexus,
507 368 739 417 foveatur:
778 380 832 413 ut
857 377 1034 415 uterus,
1071 374 1302 421 tamquam
1328 361 1524 413 animal,
1552 357 1696 408 fetum
1726 358 1863 408 suum
1894 363 2159 412 velamentis
2192 376 2341 416 prote-

289 448 388 499 gat,
427 437 615 498 ejusque
641 435 920 483 incrementa
941 438 1154 489 procuret
1182 427 1263 473 ἃς).

989 553 1033 612 ς.
1073 552 1388 603 Mccxcr.
1486 550 1660 615 Belga·

426 660 543 710 Frid.
584 663 709 708 Rern.
750 658 929 703 ALle
967 652 1019 699 de
1054 663 1218 698 natura
1258 649 1437 697 hominis
1463 649 1541 696 lib.
1586 648 1713 703 Leid,
1738 661 1875 709 1775,
1905 651 1979 705 8)ί
2042 650 2339 714 Physiologiae

292 727 637 787 compendium,
679 722 808 782 cujus
845 735 897 765 eo
925 718 1070 777 majus
1108 715 1300 775 pretium
1335 714 1420 767 est,
1456 714 1578 774 quod
1617 712 1708 760 visa
1746 716 1789 761 δι
1826 716 2022 775 cogitata
2061 716 2162 763 ILL.
2191 714 2340 765 fratris

290 793 540 838 contineat.
608 789 776 846 Magna
811 798 914 829 cum
949 778 1306 826 consideratione
1345 776 1562 838 scriptum
1598 776 1660 822 est
1693 780 2044 838 compendium,
2088 797 2145 826 ne
2174 791 2342 828 temere

291 854 507 902 semivera
520 869 600 912 pro
614 851 730 896 veris
747 848 1016 893 doceantur:
1056 841 1133 889 etsi
1147 858 1241 887 non
1257 858 1407 902 puem,
1429 844 1572 888 ullum
1587 857 1789 900 unquam
1802 840 2063 901 scriptorem
2079 844 2252 905 integre
2266 861 2344 905 po-

289 917 417 965 tuisse
433 912 668 976 hypothesi
686 912 919 958 abstinere.
980 908 1036 954 In
1060 907 1286 952 minutam
1311 918 1556 951 anatomen
1583 921 1679 950 non
1697 903 1940 958 descendit,
1969 923 2115 967 neque
2131 908 2177 953 id
2200 909 2339 954 moles

290 983 394 1029 libri
415 978 611 1033 tuliffet3
657 975 732 1022 scd
756 987 808 1022 ut
832 989 937 1019 vera
965 984 1117 1018 tamen
1143 971 1184 1016 δι
1204 967 1460 1015 inconcussa
1491 969 1685 1021 diceret,
1720 971 1759 1014 &
1782 985 1920 1028 quam
1941 969 2212 1024 latiniffime,
2249 973 2347 1031 ple-⁷

291 1061 484 1104 rumque
514 1041 698 1088 studuit.
787 1033 1101 1084 Anastomoses
1139 1035 1160 1090 <
1173 1034 1435 1079 arteriarum
1477 1049 1579 1079 cum
1624 1033 1787 1090 venis)
1829 1048 1990 1093 negare
2023 1035 2339 1087 ratiocinium,

293 1109 650 1168 experimentum
669 1138 681 1157 ,
718 1098 979 1161 autopsiam.
1075 1099 1188 1143 Dari
1214 1097 1358 1142 videri
1393 1113 1529 1143 venas
1560 1097 1786 1148 minores,
1823 1113 1923 1155 quae
1954 1099 2128 1144 arteriis
2155 1099 2342 1144 minori-

289 1174 375 1219 bus
410 1169 722 1230 respondeant.
792 1167 859 1212 Ex
890 1162 1079 1211 vesicula
1107 1159 1223 1206 fellis
1257 1161 1507 1219 liquorem,
1545 1176 1757 1220 parcum,
1796 1175 2026 1214 amarum,
2064 1161 2248 1214 flavum,
2279 1163 2340 1207 la..

291 1238 370 1283 tici
395 1234 601 1293 hepatico
632 1227 876 1280 admisceri.
949 1228 1001 1272 111
1033 1225 1217 1271 naribus
1251 1223 1422 1283 aliquid
1451 1221 1530 1269 effe
1561 1224 1825 1283 papillarum
1865 1221 2004 1269 simile
2026 1226 2067 1270 ἃ
2091 1226 2343 1285 periglotti-

292 1301 373 1347 dis.
443 1299 618 1343 Villum
648 1293 949 1341 intestinalem
989 1288 1133 1335 videri
1163 1289 1212 1334 in
1239 1287 1352 1333 ostio
1381 1286 1462 1333 suo
1488 1285 1719 1346 perforari.
1787 1285 2042 1333 Vesiculam
2080 1287 2342 1335 seminalem

290 1362 555 1410 intestinum
597 1374 769 1405 caecum
806 1353 984 1402 referre.
1078 1354 1129 1398 In
1168 1352 1294 1398 coitu
1336 1348 1532 1397 fecundo
1561 1351 1614 1395 ab
1649 1362 1844 1409 utroque
1878 1365 2059 1408 parente
2101 1350 2341 1397 humorem

292 1427 454 1474 emitti.
559 1425 717 1470 Ovum
751 1420 906 1479 primis
946 1417 1102 1463 diebus
1137 1413 1364 1461 excussum
1402 1414 1791 1460 membranaceum
1824 1413 1904 1459 esse
1928 1448 1940 1468 ,
1989 1416 2186 1462 exterius
2221 1413 2342 1476 quasi

291 1492 445 1538 coacto
475 1487 691 1549 sanguine
721 1483 972 1531 obductum
999 1482 1042 1526 &
1070 1477 1391 1526 tomentosum.

876 1611 921 1669 δ.
958 1613 1011 1660 Μ
1025 1610 1063 1656 C
1076 1610 1113 1656 C
1126 1609 1173 1656 X
1188 1609 1224 1655 C
1241 1610 1260 1655 I
1274 1609 1310 1655 I.
1411 1608 1759 1671 DiJin-ztationesss

417 1722 466 1773 J.
500 1718 750 1763 Dominicus
774 1711 976 1759 SCHULZ
1017 1707 1067 1753 de
1091 1708 1173 1753 bile
1203 1705 1412 1753 medicina
1443 1706 1655 1766 Gotting.
1686 1693 1820 1765 17{5.
1845 1704 1928 1766 4.*
1991 1708 2132 1754 Lente
2157 1706 2212 1754 ab
2239 1707 2344 1768 igne

289 1781 508 1844 spiffatam
537 1781 673 1826 bilem
698 1777 806 1823 theo
834 1778 874 1821 &
902 1772 1052 1819 sennae
1083 1769 1275 1832 praefert.
2154 1785 2159 1791 ·
2339 1782 2343 1783 ν

422 1867 469 1918 J.
501 1867 639 1909 Henr.
671 1860 814 1907 TAGE
842 1853 1088 1918 pathologia
1127 1858 1318 1899 animata
1362 1849 1421 1908 ἓξ
1463 1851 1515 1898 de
1549 1857 1824 1914 generatione
1868 1858 2076 1914 aequivoca
2128 1853 2350 1914 Gotting.-

297 1940 431 1987 1775·
469 1928 545 1985 43*

398 2078 400 2080 v
419 2013 466 2064 J.
492 2006 652 2068 Gottfr.
673 2006 1027 2052 DOPPELMAYR
1056 1999 1106 2046 de
1127 1998 1286 2057 difficili
1308 2002 1351 2044 in
1366 1996 1728 2056 observationibus
1742 2002 1986 2045 anatomicis
2003 1995 2268 2060 epicrifidiss.
2285 1997 2344 2044 V.

293 2075 473 2134 Erlang.
508 2069 675 2129 1775.*
715 2066 895 2129 praeside
921 2067 991 2112 Cl.
1021 2066 1339 2115 ISENFIAMM‚
1370 2063 1624 2107 anatomica
1653 2063 1790 2108 etiam
1831 2064 2052 2109 continet.

423 2152 678 2203 Nathanael
694 2148 913 2211 Gottfi·ied
930 2149 1088 2194 LESKE
1098 2143 1352 2206 phyfiologia
1373 2145 1623 2190 animalium
1646 2141 2076 2202 commendataLips
2108 2155 2238 2200 1775.
2264 2140 2346 2201 4.*

293 2225 411 2278 Qae
442 2219 494 2264 de
525 2214 802 2278 physiologia
833 2212 1095 2259 animalium
1141 2208 1299 2267 scripta
1334 2205 1443 2259 fint,
1493 2225 1591 2267 quae
1630 2208 1839 2252 nondum
1876 2208 1991 2253 dieta
2020 2205 2341 2253 desiderentur.

294 2288 365 2332 De
388 2282 521 2330 corde
548 2297 624 2341 per
648 2280 732 2325 alia
759 2280 802 2323 ὃς
838 2277 922 2322 alia
949 2275 1157 2320 animalia
1191 2274 1318 2317 aliter
1344 2269 1385 2315 se
1413 2269 1610 2317 habente
1630 2305 1642 2323 ‚
1688 2271 1820 2316 etiam
1856 2271 1909 2316 de
1945 2271 2168 2316 vermium
2195 2270 2343 2316 corde.

295 2353 365 2396 De
391 2349 616 2408 pulmone.
668 2344 721 2388 In
737 2340 1005 2390 animalibus
1027 2335 1393 2398 quadrupedibus
1411 2333 1562 2393 frigidi
1578 2333 1826 2394 sanguinis,
1850 2336 2005 2394 pulmo
2026 2342 2174 2381 totum
2195 2337 2347 2394 peetus

295 2414 459 2474 replet,
496 2412 537 2456 ἃ
563 2409 765 2468 pleuram
790 2404 1034 2463 contingit.
1106 2399 1327 2447 Animalia
1363 2399 1535 2445 vocalia
1561 2400 1713 2445 omnia
1742 2398 1980 2459 glottidem
2006 2401 2135 2444 nacta
2162 2396 2281 2444 sunt.

424 2493 497 2552 EJ.
524 2491 860 2551 degeneratione
879 2484 1178 2545 vegetabilium
1213 2479 1328 2542 Lips.
1368 2493 1500 2539 1775.
1531 2478 1612 2539 4*
1664 2481 1734 2526 De
1761 2481 2051 2541 generatione
2082 2482 2132 2526 in
2164 2479 2346 2526 univer-

296 2558 410 2605 sum.
479 2556 653 2600 Contra
681 2547 947 2612 epigenesin.

429 2640 643 2685 NESTOR
664 2636 1103 2680 MAX1MOW1TSCH
1130 2629 1413 2675 Amssomcx
1444 2626 1495 2672 de
1516 2623 1662 2686 hepate
1697 2622 2143 2686 Argent.1775.4.*
2175 2639 2262 2683 qua
2283 2623 2347 2670 di-

299 2703 558 2765 sputatione
586 2701 682 2746 ILL.
706 2699 981 2745 LOBSTENII
1004 2692 1309 2751 experimenta
1333 2691 1645 2737 continentur.
1714 2688 1832 2736 Vasa
1860 2688 2133 2749 lymphatica
2162 2685 2349 2747 superfi-

303 2769 386 2814 ciei
410 2765 585 2825 hepatis
608 2761 769 2822 sponte
792 2758 835 2806 se
864 2758 1007 2804 oculis
1036 2751 1251 2801 offerunt.
1318 2756 1501 2814 Duplex
1539 2754 1831 2800 involucrum
1865 2752 2053 2812 hepatis.
2123 2751 2346 2798 Accurate

303 2833 356 2878 de
384 2829 606 2876 arteriolis
624 2827 842 2884 venisque
867 2821 1068 2883 hepatis,
1105 2818 1158 2864 de
1188 2835 1341 2865 earum
1369 2816 1614 2870 divisione,
1651 2818 1807 2870 acinis,
1833 2816 2002 2863 retibus
2033 2817 2075 2863 &
2095 2814 2349 2862 anastomo-

304 2894 436 2941 fibus.
521 2894 591 2939 De
622 2890 759 2937 ramis
797 2903 923 2934 venae
954 2895 1212 2945 portarum,
1257 2899 1415 2928 eorum
1443 2881 1858 2932 communicatione
1894 2896 1996 2930 cum
2026 2878 2346 2942 lymphaticis,

303 2959 470 3007 horum
498 2973 600 3004 cum
625 2952 835 3003 dut‘tibus
858 2951 1028 3000 bilariis
1046 2983 1058 3003 ‚
1087 2963 1279 3008 eumque
1300 2963 1414 2996 vena
1436 2962 1560 2996 cava.

2141 3012 2190 3069 J.
2211 3005 2347 3071 With.
