2531 3394
282 138 377 185 452
496 180 501 186 ,
690 117 824 163 LJB.
855 116 956 161 111.
1025 104 1440 157 ANAToMEs
1487 79 1931 174 1011100110.
1985 115 1989 121 ’

284 268 501 317 puerpera
526 249 649 302 ostia,
685 247 933 307 plurimum
957 240 1221 300 sanguinem
1243 233 1498 288 fundentia,
1531 250 1634 281 curn
1662 234 1865 294 placenta
1890 231 2191 294 separaretur:
2232 223 2337 281 cum
2370 224 2372 226 ’

285 333 446 368 contra
471 332 526 362 ex
555 316 756 374 placenta
780 306 930 355 avulsa
953 303 1069 351 1111111
1094 298 1314 347 efflueret.

415 396 654 446 Ineodem
680 390 912 439 volumine
934 387 1026 445 egit
1059 384 1112 429 de
1144 381 1342 442 pondere
1372 378 1503 426 fetus.
1574 378 1896 428 ROEDERERO
1919 380 2064 426 multo
2092 380 2245 427 minus
2266 397 2339 427 oc-

287 466 444 516 currit,
477 476 610 522 quam
631 459 769 515 vulgo
792 452 918 503 solet,
951 451 1214 508 plerumque
1235 446 1449 490 librarum
1477 450 1518 489 6.
1538 456 1582 500 7.
1600 477 1611 495 ,
1643 443 1720 487 vix
1744 440 1876 500 supra
1900 445 2029 496 0610,
2060 460 2163 490 011111
2183 443 2338 506 paffim

291 528 424 578 et‘iam
448 538 520 582 23.
552 523 766 569 librarum
790 515 1046 562 aestimatur.
1114 511 1334 556 Placentae
1358 509 1492 554 etiam
1517 505 1716 566 pondera
1742 503 1936 551 definiit.
2212 540 2213 543 ,

419 610 475 655 ln
504 607 560 652 T.
576 602 659 650 IV.
700 593 1006 646 monstrosum
1048 603 1227 651 parrum
1266 586 1590 635 accuratiffirne
1631 585 1890 646 descripsit,
1937 588 2058 633 varie
2092 589 2338 642 mutilum,

289 672 622 735 hydropicum,
659 664 786 710 nullo
815 661 1054 719 pulmone,
1085 657 1214 700 nullo
1238 670 1345 699 vero
1374 653 1531 704 corde,
1568 649 1816 696 visceribus
1841 651 2097 698 abdominis
2117 653 2341 711 plerisque

295 734 626 785 deficientibus,
657 739 814 788 praeter
837 721 1060 768 intestina.
1131 716 1247 763 Vasa
1277 728 1429 762 tamen
1450 713 1662 760 arteriosa
1692 715 1933 763 aderant&
1954 714 2133 762 venosa.
2203 717 2347 763 Accu-

280 798 508 849 *ra-riiiime
538 792 783 841 deformata
816 785 902 832 offa
931 800 1065 843 porro
1095 781 1283 841 exponit
1309 781 1354 826 ἃ
1378 777 1620 825 11111Γο11103.
1947 774 1950 775 ’

428 879 541 926 Inde
571 873 721 920 scribit
744 885 823 930 pro
851 865 1061 912 monstris
1088 861 1190 910 casu
1218 861 1361 913 natis,
1407 862 1449 906 Sc
1480 860 1528 905 in
1567 875 1637 904 me
1672 859 1804 905 etiam
1842 857 2147 918 potissimum,
2194 873 2348 909 tamen

295 961 351 994 ut
385 945 495 991 alios
525 938 644 985 fetus
679 937 728 981 in
754 930 845 992 ipsa
877 928 1175 987 conceptione
1199 925 1367 971 mutari
1393 924 1564 975 doceat,
1602 939 1701 982 quae
1726 920 1946 968 sententia
1969 940 1994 969 a
2019 925 2170 971 nostra
2196 911 2350 973 minus

298 1009 477 1058 recedit.
547 1003 707 1048 Fctum
740 1013 794 1042 ex
827 992 1072 1041 commistis
1103 989 1349 1036 seminibus
1388 986 1605 1038 formari3
1648 985 1784 1031 suum
1825 998 2003 1045 partum
2045 989 2350 1037 monstrosum

299 1088 432 1122 merae
464 1065 615 1114 deberi
638 1060 866 1110 violentia:
883 1092 895 1109 ‚
926 1054 1149 1116 quidquid
1177 1053 1338 1098 habeat
1360 1049 1595 1111 singulare.
1665 1051 1731 1097 Ut
1751 1048 1885 1109 poffit
1900 1048 2018 1097 fetus
2036 1051 2200 1112 absque
2219 1055 2353 1100 corde
2424 1033 2427 1036 Δ

302 1140 484 1186 vivere,
521 1144 616 1176 non
636 1143 744 1172 vero
770 1125 818 1169 in
850 1124 994 1167 lucem
1025 1120 1116 1178 jam
1147 1118 1294 1162 editus
1319 1113 1494 1168 infans,
1528 1115 1607 1174 qui
1633 1113 1686 1159 de
1711 1126 1851 1159 matre
1873 1112 2048 1162 solutus
2080 1117 2156 1163 est.
2202 1120 2352 1177 Atque

301 1201 411 1248 adeo
437 1196 509 1242 vel
529 1194 583 1238 ab
609 1202 766 1242 utero,
806 1187 874 1233 vel
894 1201 917 1231 a
941 1183 988 1230 vi
1008 1181 1287 1233 adtrahente,
1316 1175 1434 1240 polse
1458 1195 1535 1239 per
1554 1176 1699 1224 fetum
1724 1175 1938 1224 humores
1962 1181 2152 1233 moveri,
2186 1179 2352 1242 absque

304 1263 451 1312 cordis
475 1256 644 1305 officio.

424 1344 500 1403 134
559 1336 908 1395 Observationum
934 1329 1193 1375 mazicarum
1224 1325 1275 1372 de
1295 1324 1510 1384 fifffocatis
1527 1323 1685 1382 satura
1730 1324 1943 1384 Gotting.
1972 1336 2104 1384 1754.
2125 1324 2209 1385 4*
2274 1328 2358 1375 Fo-

305 1424 459 1458 ramen
488 1405 615 1450 ovale
658 1415 754 1445 non
790 1408 911 1441 arc-et
945 1391 1291 1439 suffocationem
1316 1392 1364 1434 in
1393 1404 1521 1447 aqua.
1608 1389 1673 1434 Ut
1710 1387 1756 1434 id
1796 1386 1999 1435 foramen
2025 1386 2174 1436 claudi
2203 1389 2342 1439 soleat

307 1467 550 1532 suspensos
574 1483 628 1512 ex
645 1461 879 1522 apoplexia
901 1458 1043 1509 mori,
1080 1471 1226 1514 neque
1254 1455 1374 1499 enim
1397 1451 1593 1512 asperam
1611 1452 1818 1497 arteriam
1842 1452 2080 1512 comprimi
2112 1457 2194 1511 (in
2226 1473 2278 1501 eo
2293 1428 2363 1503 ni:

305 1539 452 1587 mius,
504 1547 606 1577 nam
646 1527 778 1573 etiam
818 1526 1047 1582 laryngem
1075 1518 1266 1565 stadium
1295 1516 1413 1569 vidi,
1453 1518 1493 1562 &
1520 1513 1750 1561 musculos
1781 1521 1999 1574 ruptos).
2069 1517 2186 1564 Vasa
2218 1520 2359 1566 laciea

306 1601 433 1648 sexto
470 1596 540 1642 die
561 1595 610 1640 'm
641 1585 849 1649 suspenso
872 1583 1113 1644 conspicua
1148 1582 1279 1641 (vidi
1301 1579 1631 1631 duodecimo).
1702 1583 1852 1625 Aereae
1877 1579 1927 1624 in
1957 1578 2175 1641 sanguine
2200 1583 2338 1630 bullae

306 1663 538 1713 Modicam
567 1652 833 1717 pressionem
862 1650 992 1696 nervi
1021 1645 1196 1693 sensum
1225 1661 1319 1690 non
1350 1644 1582 1703 impedire,
1620 1643 1849 1688 rudiorem
1879 1643 2054 1703 utique.
2124 1647 2261 1693 Recte
2279 1619 2360 1707 pro

308 1727 619 1787 experimento
645 1721 914 1779 pulmonum
934 1714 1188 1759 natantium
1210 1711 1249 1755 8<
1268 1705 1612 1754 submersarum.
1681 1708 1838 1752 Fctum
1856 1723 1953 1752 11011
1974 1710 2031 1753 ali
2051 1707 2182 1756 succo
2203 1712 2359 1758 amnii.

306 1794 436 1839 psius
462 1790 510 1834 'm
530 1799 674 1844 nuper
699 1795 808 1826 nato
830 1780 982 1838 pestus
1005 1774 1214 1834 expandi,
1251 1788 1385 1831 quam
1410 1779 1555 1817 aerem
1574 1768 1773 1829 respiret,
1807 1787 1952 1830 neque
1966 1770 2178 1832 respirare
2191 1771 2340 1821 ‘fetum

312 1854 397 1902 ,nisi
431 1864 582 1898 totum
622 1842 869 1892 exclusum.
940 1841 1108 1898 Utique
1148 1835 1370 1883 infantem
1407 1836 1457 1881 in
1497 1835 1688 1894 propriis
1724 1834 1852 1893 aquis
1894 1833 2010 1894 pofl'e
2046 1833 2259 1884 suffocari
2320 1809 2363 1886 ΕΞ

313 1933 425 1967 tunc
450 1929 611 1975 aquam
637 1911 686 1956 in
708 1909 924 1968 pulmone
957 1907 998 1950 &
1025 1902 1280 1948 ventriculo
1301 1899 1499 1958 reperiri.
1568 1899 1622 1943 ln
1652 1897 1877 1943 cadaveris
1905 1899 2167 1957 pulmonem
2193 1904 2234 1948 &
2257 1873 2367 1948 rien-

315 1982 529 2030 triculum
548 1976 719 2022 nullam
746 1985 909 2030 aquam
931 1967 1100 2015 venire.
1174 1961 1294 2011 Poffe
1323 1964 1482 2023 utique
1510 1960 1774 2023 sanguinem
1800 1958 1978 2007 funesto
2001 1976 2168 2011 eventu
2192 1982 2270 2026 per
2294 1963 2364 2012 fu-

314 2046 522 2093 niculum
554 2039 676 2087 umb.
710 2035 872 2082 amitti.

442 2125 566 2170 Inter
593 2118 804 2178 thesauros
828 2112 1062 2161 Academiae
1085 2114 1185 2172 Reg.
1214 2112 1501 2157 Scientiarum
1523 2107 1582 2153 est
1608 2118 1762 2166 partus
1781 2104 2044 2166 descriptio,
2077 2109 2207 2168 cujus
2232 2111 2366 2169 pedes

317 2191 432 2238 male
463 2185 646 2232 formati
668 2193 796 2228 erant
821 2182 862 2226 &
885 2176 1102 2249 contorti.
1172 2176 1275 2221 Una
1296 2172 1421 2233 spina
1447 2174 1600 2219 aderat
1625 2168 1778 2217 bifida.
1846 2171 1986 2217 Porro
2016 2188 2098 2231 pro
2127 2171 2206 2220 sua
2234 2191 2370 2223 mon-

316 2255 510 2301 strorum
531 2265 557 2295 a
582 2262 701 2293 mera
718 2246 938 2291 violentia
968 2241 1157 2300 origine.

446 2330 589 2378 Dedit
616 2329 749 2373 etiam
776 2323 831 2370 ad
856 2327 944 2370 Soc.
978 2325 1153 2381 Regiam
1180 2329 1423 2365 anatomen
1448 2317 1679 2363 cerebri&
1702 2314 1957 2362 abdominis
1978 2315 2082 2362 urfi.
2149 2319 2222 2365 Ne
2243 2319 2292 2366 in
2322 2338 2371 2368 ea

318 2397 468 2447 valida
481 2392 616 2440 bestia
628 2389 810 2455 quidem
829 2385 1019 2432 velicula
1041 2383 1167 2430 fellea
1184 2379 1479 2428 musculosam
1492 2379 1627 2427 habet
1640 2380 1967 2426 membranam.
2034 2381 2168 2427 Rami
2181 2381 2377 2444 hepatici

321 2465 370 2510 in
382 2455 597 2522 cysticuni
616 2455 801 2500 ducium
818 2448 988 2495 inserti.
1025 2445 1145 2493 Vasa
1166 2448 1317 2492 lacstea.
1354 2445 1652 2490 Ventriculus
1667 2444 1848 2502 duplex,
1864 2460 2024 2503 nempe
2036 2461 2135 2504 pars
2147 2447 2270 2506 prior
2283 2464 2377 2494 car-

321 2528 590 2573 nivororum
605 2515 867 2563 animalium
889 2510 1066 2557 fabricae
1082 2511 1266 2570 propior
1279 2543 1290 2562 ,
1333 2525 1432 2568 pars
1458 2510 1595 2554 altera
1614 2509 1958 2569 granivorarum
1978 2509 2155 2554 avium:
2203 2522 2373 2556 utram-

324 2606 412 2649 que
433 2596 604 2647 partem
624 2578 813 2626 isthmus
839 2574 1030 2635 separat.
1084 2574 1283 2620 Unicum
1308 2572 1588 2618 intestinum.
1646 2571 1799 2617 Nullae
1821 2572 2013 2617 valvulae
2035 2573 2351 2620 KERKRINGII

324 2654 425 2700 villi
438 2644 668 2710 praelongi.
737 2639 986 2686 Cerebrum
1001 2638 1140 2682 multa
1159 2637 1212 2682 de
1226 2635 1427 2682 humano
1441 2634 1602 2688 habet,
1637 2637 1677 2681 &
1700 2636 1879 2680 nullum
1905 2634 2023 2680 adest
2041 2647 2135 2681 rete
2147 2608 2371 2684 mirabile:
2416 2634 2424 2641 ‘

452 2732 529 2791 EJ.
574 2722 684 2774 Diis.
715 2721 765 2768 de
794 2723 905 2766 uteri
922 2716 1091 2776 scirrho
1135 2718 1503 2776 Gotting.1755.
1528 2713 1607 2773 4*
1651 2732 1754 2761 cum
1779 2716 1984 2775 exemplo
2015 2716 2166 2770 uteri,
2204 2719 2246 2764 &
2280 2734 2374 2766 una

329 2796 592 2845 ovariorum
621 2791 663 2835 &
694 2784 1007 2848 glandularum
1032 2779 1422 2826 mesentericarum
1447 2776 1785 2837 scirrhosarum.
2438 2771 2439 2774 ¹

459 2876 533 2934 EJ.
565 2874 603 2918 &
618 2870 694 2942 KU
702 2881 772 2914 HN
780 2881 816 2913 11
836 2863 1036 2935 nonna-lla
1058 2872 1267 2932 mcmenta
1291 2871 1420 2906 motus
1441 2858 1953 2919 muscularv’sperlustrata
1986 2860 2116 2907 Gott.
2140 2874 2273 2921 1755,
2291 2861 2376 2922 4)(-

328 2940 442 2990 Dari
465 2937 602 2985 fibras
631 2949 682 2981 111
705 2945 893 2993 corpore
920 2926 1106 2975 animali
1135 2939 1232 2971 11011
1253 2924 1437 2975 rubras,
1476 2924 1518 2969 &
1554 2934 1707 2969 tamen
1733 2923 2043 2978 contamines,
2080 2927 2200 2974 uteri
2230 2943 2379 2975 exem-

2270 2993 2346 3053 P10
2363 3012 2381 3048 3
