2531 3394
639 96 1047 176 §11921192
1112 115 1346 166 VARII.
1413 115 1871 182 HourTUYN.
2191 136 2286 184 579

235 250 406 299 Omnia
437 248 494 295 ‘in
530 249 715 295 animali
751 247 1010 296 mechanice
1034 248 1158 312 geri,
1191 247 1359 310 absque
1392 248 1555 295 animae
1589 251 1795 309 imperio.
1864 253 1933 300 Ab
1978 253 2289 310 irritabilitate

230 326 383 362 motus
409 311 490 360 effe
515 313 747 360 animales.
816 314 992 360 Contra
1014 314 1255 375 privilegia
1278 329 1526 359 nervorum
1554 315 1776 361 cerebelli.

913 442 956 500 §.
997 444 1049 490 Μ
1064 443 1102 490 C
1117 443 1166 489 X
1178 443 1216 489 C
1231 443 1330 490 III.
1441 448 1579 491 Varii.

357 543 398 604 J.
426 544 486 589 H.
511 543 705 590 SULZER
738 540 807 601 die
830 538 1115 588 Kennzeichen
1137 540 1215 586 der
1241 539 1422 599 Infhfflen
1449 539 1560 587 nablo
1592 541 1827 603 Anleitung
1848 540 1919 587 des
1946 545 2007 588 H.
2030 561 2075 590 v.
2102 544 2279 594 LINNE'

228 607 392 668 Tiguri
421 611 550 665 1761.
576 605 658 664 4.*
725 605 842 651 Cum
863 603 1062 664 pulchris
1085 605 1351 650 animalium
1375 605 1612 659 iconibus,
1648 604 1801 666 paffim
1832 607 1993 666 aliquae
2028 621 2172 668 partes
2202 612 2283 657 mi..

228 669 460 732 croscopio
493 673 647 716 audlae.
715 667 867 728 Majus
894 685 1009 728 opus
1035 669 1085 714 in
1112 670 1305 715 auclario
1332 669 1548 716 dicemus.

353 757 412 799 Ι).
439 755 592 800 Marci
625 753 709 807 (ut
734 747 873 809 puto)
903 751 1208 798 HOUTTUYN
1224 785 1235 803 ,
1271 767 1442 797 nomen
1463 750 1594 798 suum
1616 751 1846 798 reticentis
1863 786 1875 805 ‚
1909 752 2189 813 natuurlyclce
2223 752 2286 800 hi.

214 820 346 879 storie
379 817 432 877 of
452 819 699 876 uytvoerige
728 812 1007 875 beschmwing
1032 814 1110 863 der
1134 813 1278 861 dieren
1297 849 1311 869 ,
1341 817 1529 876 plantem
1553 833 1603 861 en
1634 816 1881 862 minen-dien
1911 817 2082 878 volgens
2114 815 2182 863 het
2209 834 2286 866 za-

226 882 390 944 menstel
413 898 500 926 van
521 881 761 926 LINNAEUS
793 877 972 938 prodire
1006 879 1126 939 cepit
1154 878 1432 925 Amsterdam
1462 886 1595 936 1761.
1626 882 1696 932 8.*
1732 882 1773 926 &
1801 881 2051 927 octodecim
2089 882 2286 928 volumi-

227 946 366 992 nibus
393 945 446 990 de
469 943 739 989 animalibus
765 942 870 1002 agit.
928 943 1000 988 De
1018 954 1142 1001 parte
1161 941 1340 1002 physica
1369 944 1476 990 alias
1496 944 1686 990 dicetur.
1757 943 1825 990 Ad
1852 945 2105 991 anatomica
2130 943 2287 1005 paffim-

225 1011 374 1069 aliqua
401 1007 653 1069 pertinent,
685 1018 765 1052 aut
787 1019 906 1052 certe
925 1006 980 1051 ad
1006 1004 1328 1066 physiologica.
1398 1008 1451 1053 In
1480 1009 1535 1054 T.
1559 1008 1594 1054 1.
1624 1006 1857 1054 hominem
1886 1025 1989 1054 cum
2021 1010 2167 1055 brutis
2188 1010 2284 1056 ani-

225 1073 445 1126 malibus,
479 1087 673 1131 cumque
703 1070 868 1129 plantis
910 1081 1154 1129 comparat.
1224 1071 1392 1117 Nostra
1425 1072 1736 1131 experimenta
1771 1071 1824 1117 de
1847 1073 2147 1119 irritabilitate
2186 1071 2288 1120 fuse

222 1135 450 1190 recenset,
502 1139 540 1182 &
574 1134 726 1180 nostra
749 1133 909 1191 placita
937 1130 1155 1192 sequitur.
1225 1135 1334 1180 Earn
1362 1136 1455 1181 vim
1489 1135 1626 1181 habet
1662 1151 1744 1195 pro
1780 1135 1910 1183 causa
1940 1152 2151 1183 motuum
2189 1138 2285 1184 ani-

221 1202 435 1254 malium,
472 1202 514 1246 8c
540 1216 564 1245 a
588 1196 718 1243 sensu
737 1195 926 1256 separat.
994 1196 1328 1260 Phyfiologiam
1352 1199 1460 1245 inde
1489 1201 1867 1249 BUFFONIANAM
1896 1201 2130 1261 proponit.

351 1282 488 1329 T.11.
518 1285 654 1338 1761.
685 1280 756 1332 8.*
788 1279 842 1324 de
869 1295 978 1325 cane
1004 1277 1116 1327 fuse.

343 1364 400 1410 T.
425 1363 506 1409 III.
537 1368 675 1420 1762.
705 1359 780 1415 8.*
816 1359 984 1409 Piscem
1012 1360 1226 1409 narWhal
1252 1362 1485 1409 bicornem
1512 1361 1612 1416 effe.

345 1446 401 1492 T.
424 1445 507 1491 IV.
534 1449 668 1502 1762.
701 1442 776 1497 8.*
810 1443 965 1490 Brevis
997 1442 1280 1506 physiologia
1304 1441 1473 1493 avium.
1544 1447 1789 1494 Cornicem
1826 1465 1912 1496 ova
1938 1448 2182 1509 gallinacea
2211 1449 2281 1496 in-

221 1507 392 1557 cubaffe
425 1511 467 1555 ἃ
496 1506 734 1555 exclusisse.

345 1592 406 1643 T.
434 1591 493 1638 V.
533 1597 668 1649 1763.
705 1591 780 1643 8.*

343 1674 401 1720 T.
422 1673 504 1719 VI.
540 1678 677 1731 1764.
714 1675 789 1725 8.*
854 1673 926 1718 De
953 1670 1228 1733 amphibiis,
1258 1674 1426 1734 quibus
1457 1675 1592 1722 unica
1632 1674 1684 1723 fit
1721 1676 1869 1722 cordis
1907 1693 2053 1724 cavea.
2141 1678 2283 1726 Pedes

214 1738 320 1800 rajae
349 1739 593 1798 pinnarum
620 1748 768 1796 partes
796 1734 893 1783 effe.

343 1820 399 1865 T.
416 1818 523 1865 VII.
543 1824 676 1876 1764.
699 1817 787 1872 8.*
819 1819 890 1865 De
905 1816 1091 1879 piscium
1118 1819 1294 1872 auditu,
1337 1837 1471 1880 quem
1496 1833 1666 1875 tuetur,
1700 1822 1752 1867 de
1771 1825 2088 1883 generatione,
2120 1825 2169 1869 in
2189 1840 2281 1884 qua

215 1898 313 1928 non
336 1882 505 1929 recedit
525 1883 580 1928 ab
610 1898 660 1928 ea
693 1883 912 1944 opinione
930 1916 943 1936 ,
983 1900 1082 1943 quae
1107 1900 1267 1944 penem
1300 1883 1497 1945 piscibus
1524 1887 1709 1939 tribuit,
1747 1903 1997 1947 verumque
2020 1889 2209 1935 coitum.
2297 1916 2307 1918 -ν

344 1966 400 2011 T.
417 1965 502 2011 IX.
527 1971 660 2022 1766.
687 1966 761 2018 8.*
794 1966 946 2026 Negat
971 1966 1246 2025 papilionem
1267 1966 1315 2011 in
1342 1983 1473 2013 eruca
1502 1968 1592 2027 jam
1621 1966 1869 2015 formatum
1894 1966 1974 2015 effe
1993 2004 2006 2023 ,
2040 1972 2081 2017 ἃ
2101 1971 2280 2018 mavult

215 2029 337 2075 intra
366 2045 461 2075 eam
489 2027 693 2075 formari.
763 2029 992 2076 Caeterum
1019 2028 1094 2075 hic
1123 2030 1287 2090 incipit
1313 2031 1365 2076 de
1397 2029 1575 2078 insectis
1604 2048 1749 2093 agere.

341 2111 397 2157 T.
421 2110 485 2156 X.
518 2113 653 2168 1766.
682 2108 762 2164 8.*
799 2126 934 2171 porro
963 2111 1017 2159 de
1044 2109 1303 2166 scarabaeis,
1341 2112 1523 2160 locustis
1558 2116 1640 2160 &a

342 2194 398 2240 T.
422 2192 506 2239 XI.
538 2198 674 2250 1767.
698 2191 778 2246 8.*
812 2192 1099 2253 Papiliones3
1136 2195 1331 2241 Nullum
1355 2195 1404 2240 in
1432 2196 1487 2241 iis
1506 2212 1583 2242 cor
1610 2194 1715 2248 effe,
1753 2193 1828 2242 etsi
1849 2197 1995 2244 erucis
2024 2196 2157 2245 suum
2195 2197 2273 2246 est.

215 2255 421 2303 Monstra
449 2256 734 2315 papilionum
770 2273 825 2303 ex
859 2255 1082 2317 preffione
1109 2258 1327 2319 inaequali
1356 2257 1491 2306 nasci.
1562 2262 1853 2308 SCHAEFFEM
1885 2262 2163 2323 papilionem
2196 2278 2274 2309 an-

215 2320 471 2381 drogynum
500 2318 719 2366 feminam
746 2320 843 2367 effe.
1949 2324 1953 2327 “

338 2402 395 2449 Τ.
415 2401 523 2447 XII.
560 2407 696 2458 1768.
724 2401 801 2455 8.*
839 2403 957 2462 Apes
984 2404 1067 2450 &c.

340 2484 397 2530 T.
417 2483 546 2529 XIII.
579 2490 714 2541 1769.
746 2482 823 2537 8.*
890 2482 1078 2531 Infecta.
1148 2486 1288 2533 Oculi
1309 2489 1543 2534 cancellati
1570 2489 1612 2535 8(
1640 2490 1759 2536 leves
1778 2490 1868 2537 alii.
1924 2489 2083 2536 Venus
2113 2490 2272 2537 timida

209 2563 476 2658 ῗῐεῗεεωιτᾳ
504 2562 602 2592 non
631 2547 767 2594 nimis
791 2548 964 2594 amanti
989 2546 1248 2596 fidentium.
1317 2552 1529 2611 Apodum
1550 2553 1690 2613 aliqui
1723 2555 1980 2614 androgyni
2004 2552 2137 2607 sunt,
2175 2571 2270 2600 ma-

231 2628 286 2659 cu
307 2628 359 2658 us
390 2626 570 2657 unicus.

337 2694 394 2739 T.
419 2692 551 2739 XIV.
583 2703 719 2750 1770.
749 2693 824 2746 8.*
857 2692 1093 2741 Mollusca.
1155 2693 1440 2744 Ascaridibus
1459 2695 1559 2746 suas
1583 2712 1733 2760 partes
1750 2700 1965 2760 genitales
1989 2697 2083 2746 eiiie.
2151 2699 2272 2747 Non

210 2772 367 2803 omnes
399 2757 580 2803 limaces
616 2754 696 2801 effe
729 2756 1038 2818 androgynos.

334 2839 389 2884 T.
410 2838 520 2885 XV.
552 2850 686 2897 1771.
712 2837 791 2893 8.*
833 2838 1055 2886 Testacea.
1097 2841 1379 2902 Margaritae.
1420 2845 1628 2904 Mytulos
1658 2858 1903 2891 venenatos
1927 2861 2023 2891 non
2045 2845 2267 2895 admittit..

338 2919 393 2965 T.
415 2919 548 2967 XVI.
580 2931 717 2978 1772.
742 2918 821 2975 8.*
856 2922 1082 2971 Anima-lia
1104 2922 1306 2971 testacea.
1375 2926 1612 2973 Teredinis
1632 2927 1826 2974 navibus
1856 2925 2025 2975 infestae
2046 2935 2269 2976 venerem.

209 2998 235 3028 a
254 2981 565 3036 VOSMAERLO
602 2982 743 3035 visam
775 2983 870 3035 effe.

1226 3052 1488 3102 Ddddz
2024 3055 2258 3105 mxvu.
