2531 3394
293 123 392 176 ¹760

296 299 330 321 ω
394 242 425 290 1.
444 252 478 301 4
509 204 864 302 poststrueura,
895 209 1007 286 adde.
1036 236 1096 294 εξ
1122 237 1198 296 usu

299 384 313 400 ι
395 325 427 370 1.
453 335 473 382 5
514 321 612 384 post
641 327 777 368 1666.
799 327 869 376 8.,
900 319 1014 366 adde
1036 315 1224 367 Smrrn.

607 401 690 450 sub
716 404 744 450 l.
769 415 814 460 7.
849 401 961 448 adde

330 465 601 514 Posthumos
626 467 811 526 reliquit
833 466 970 511 libros
1000 463 1115 510 M.S.
1139 459 1191 506 de
1214 458 1292 519 usu

295 537 491 594 partium
506 565 519 583 ‚
550 530 600 591 de
623 531 924 591 respiratione,
960 527 1013 573 de
1033 538 1149 571 motu
1166 524 1291 584 liqui-

302 595 353 642 di
376 608 459 656 per
480 593 657 646 nervos,
693 593 745 639 de
766 596 1002 638 nutritione
1021 588 1078 645 ἐξ
1095 602 1291 649 augmen-

301 670 349 706 to
366 693 379 712 ‚
415 657 467 704 de
488 662 759 720 generatione
784 653 879 710 &a

367 752 516 800 p.514
546 741 574 786 1.
594 751 625 797 4
658 736 739 784 inf.
767 735 863 796 post
880 734 1102 781 imbuitur
1123 731 1224 778 add.

304 805 480 852 Ovaria
508 803 669 849 canina
701 803 742 846 &
775 815 876 845 ova.

337 889 494 947 p.516
524 882 682 941 §.466
716 883 786 937 L3
822 880 920 941 post
951 890 1052 931 12.‚
1082 875 1247 925 adde*

508 983 550 1025 p.
581 971 667 1022 518
701 961 784 1009 sub
813 964 840 1008 l.
864 976 936 1008 10.
972 960 1083 1006 adde

278 1082 280 1084 ¹
338 1031 392 1077 C.
411 1029 752 1077 T-RANGONIS
775 1027 824 1072 de
842 1026 1143 1087 capillamentis
1162 1023 1190 1069 l.
1211 1020 1291 1079 fin-

298 1095 465 1165 gularis
499 1091 780 1152 Magdeburg
803 1096 937 1145 1663.
966 1099 1034 1134 12.
1073 1085 1106 1132 sl
1125 1085 1214 1133 huc
1229 1084 1292 1133 fa-

305 1168 380 1210 cit,
411 1158 504 1204 ΤΒ.

344 1238 456 1285 Dele
481 1237 820 1283 GRUYWAART
848 1236 890 1281 ὃς
912 1234 1226 1280 Penuccmo.

602 1335 644 1377 p.
671 1328 759 1375 519
794 1318 824 1365 l.
854 1326 882 1362 2
914 1314 995 1362 fin.

337 1386 399 1429 M
397 1385 550 1428 auritii
567 1383 853 1428 HOFMANNI
867 1379 1147 1440 prudentiam
1161 1379 1293 1426 medi-

298 1447 394 1493 cam
427 1448 466 1492 &
490 1445 577 1491 viri
603 1445 745 1491 vitam
775 1443 912 1490 dedit.

463 1525 507 1582 ἕ.
530 1533 623 1584 469
659 1522 742 1570 sub
771 1526 799 1570 l.
827 1538 882 1568 10
910 1521 991 1570 fin.
1013 1523 1114 1570 add.

339 1591 482 1651 'Apud
503 1591 766 1637 Tarwmm
796 1590 938 1647 legas,
988 1595 1058 1635 Fr.
1087 1589 1289 1633 LEPNER

298 1653 584 1716 compendiosa
630 1658 675 1698 in
705 1651 956 1697 medicinam
1000 1651 1288 1703 introduei‘m,

298 1723 514 1766 continens
538 1716 772 1763 doetrinam
797 1714 849 1761 de
857 1714 1058 1776 partibus
1069 1718 1293 1775 praecipuis

304 1787 349 1829 C.
372 1787 432 1827 H.
456 1786 639 1842 regimen
667 1796 812 1825 earum
827 1812 838 1831 ‚
875 1778 1040 1825 morbos
1079 1776 1149 1834 &f¹
1164 1794 1291 1824 σιινιῖ-

299 1850 453 1892 tionem
485 1844 694 1905 Regiom.
716 1847 851 1898 1669.
877 1854 924 1900 4.

519 1928 548 1973 1.
589 1938 643 1980 19
674 1923 780 1977 fin.,
816 1923 927 1969 adde
948 1922 1064 1969 R1v.

600 2005 684 2052 sub
715 2008 743 2051 1.
769 2017 845 2052 21.
877 2004 990 2050 adde

330 2068 499 2132 Josepln'
518 2074 557 2117 S.
574 2071 717 2116 GERY
731 2068 781 2114 de
793 2071 987 2115 MAGNA
1006 2084 1119 2127 opus
1143 2065 1224 2113 effe
1247 2069 1289 2113 &

297 2150 452 2195 agere,
484 2133 535 2179 de
559 2146 675 2180 motu
693 2133 857 2184 cordis,
895 2131 947 2177 de
972 2143 1091 2177 motu
1110 2131 1286 2184 cerebri,

295 2198 350 2244 de
373 2197 537 2259 finibus
572 2201 758 2257 corporis
796 2194 854 2251 ἓξ
879 2195 1065 2257 spiritus
1113 2193 1288 2241 Parisiis

300 2268 437 2316 1663.
467 2273 512 2319 4.
546 2262 641 2307 H0.

409 2359 451 2402 p.
477 2352 561 2399 521
596 2340 639 2397 ς.
662 2354 770 2399 470.
809 2339 939 2386 subl.
966 2342 1048 2386 ult.
1079 2340 1162 2386 ult.

328 2407 487 2452 Vitam
508 2404 644 2451 habet
667 2406 735 2451 Cl.
759 2405 1012 2451 MOEHSEN
1028 2438 1039 2457 ,
1070 2420 1172 2450 cum
1192 2401 1289 2450 effi-

298 2470 370 2531 gie
390 2471 440 2516 in
460 2485 650 2516 nummo
675 2466 883 2528 expreffa.
946 2488 949 2490 ’

486 2567 527 2610 p.
559 2562 647 2608 522
681 2551 710 2600 l.
742 2550 826 2595 ult.
848 2547 932 2599 fin.
967 2547 1078 2594 adde

325 2613 412 2662 Sed
434 2615 532 2674 legi.
579 2613 726 2661 Mirus
755 2611 910 2664 homo,
939 2611 1178 2665 ohemicus,
1204 2612 1287 2658 lin-

297 2694 489 2738 guarum
529 2692 713 2738 gnarus.
794 2676 935 2722 Multi
977 2673 1083 2719 sunt
1117 2676 1167 2720 in
1203 2675 1286 2722 hac

298 2742 559 2787 collectione
581 2741 734 2787 libelli.
801 2740 907 2785 Huc
937 2736 1112 2784 faciunt
1147 2745 1284 2784 oratio

296 2804 350 2850 de
365 2810 635 2863 generatione
669 2802 849 2850 hominis
886 2802 1119 2860 Ultrajeet.
1150 2808 1283 2847 1662.

296 2866 427 2912 dieta.
497 2872 563 2914 De
584 2866 874 2929 pneumatosi,
897 2867 936 2925 s
962 2875 1118 2926 quarta
1142 2877 1285 2924 corpo-

293 2933 357 2979 ris
375 2931 555 2982 coiiione
587 2931 713 2989 Leid,
734 2937 867 2991 1664.
895 2936 939 2986 8.
996 2930 1165 2993 Magna
1180 2943 1281 2990 pars

892 99 1393 160 ADDENDA
1477 99 1679 157 To'ml*
1714 106 1753 155 1.

1313 252 1315 256 ’
1362 231 1656 295 physiologiae
1677 232 2002 282 semiehemica.
2066 234 2252 298 Chylofi5‚
2277 236 2357 286 1944

1363 296 1554 356 matesis,
1589 296 1896 357 pneumatofis‚
1932 299 1970 357 fi
1998 305 2179 361 quinque
2206 303 2355 350 coetio-

1362 378 1448 409 nes.
1516 361 1695 407 Multus
1733 359 1794 406 est
1818 361 1868 406 in
1893 358 2125 421 spiritibus
2143 398 2156 417 ,
2203 367 2283 426 qui
2309 368 2354 412 &

1363 425 1414 471 in
1442 422 1580 477 vasis,
1620 425 1661 470 ἃ
1696 424 1746 470 in
1772 425 1941 470 cerebri
1971 427 2236 475 ventriculis
2268 431 2355 476 ela-

1361 489 1595 534 borentur.
1634 488 1845 534 REGIUM
1861 488 1911 534 in
1922 488 2079 535 limace
2093 488 2275 549 spiritus
2288 493 2356 539 vi-

1363 550 1483 604 diffie,
1512 552 1627 611 quia
1639 552 1779 597 cauda
1796 551 1852 597 ad
1865 565 2001 611 caput
2017 566 2234 612 perpetuo
2253 571 2355 615 pro-

1362 617 1602 676 pellantur.
1683 616 1865 661 Humor
1896 616 2253 664 ventriculorum
2287 635 2355 664 ee-

1359 679 1483 725 rebri
1506 678 1567 724 est
1588 676 1679 738 ipse
1712 676 1895 738 spiritus
1923 678 1977 725 ad
2006 677 2157 726 officia
2188 698 2355 741 nervo-

1359 758 1463 788 rum
1492 741 1752 788 destinatus.
1828 743 1899 788 De
1926 741 2157 802 spiritibus
2182 745 2354 804 integer

1360 806 1507 853 LIII.
1550 805 1807 853 Collee‘t'anea
1819 805 2126 868 phjfiologicen
2154 820 2209 855 ut
2234 811 2355 855 calor

1361 869 1568 915 animalis
1591 867 1986 915 fermentationem
2014 868 2164 917 faciat.
2234 873 2353 918 Evo-

1359 932 1478 979 lutio
1507 932 1783 992 embryonis.
1841 933 1895 979 In
1912 934 2178 994 pneumatos}
2199 933 2351 989 refert,

1359 1013 1463 1042 cum
1478 995 1596 1043 fetus
1612 997 1876 1056 proditurus
1892 994 2236 1057 exspecftaretur‚
2262 1016 2355 1046 ere-

1360 1061 1508 1120 pitum
1535 1058 1736 1119 erupiffe.

1472 1159 1508 1202 p.
1541 1152 1632 1198 524
1667 1138 1711 1195 §.
1728 1153 1822 1199 472
1853 1139 1983 1187 subl.
2009 1143 2092 1188 ult.
2119 1141 2219 1188 add.

1402 1205 1478 1266 EJ.
1529 1205 1624 1251 Alle
1645 1205 1695 1250 de
1715 1204 1904 1258 werhen,
1928 1204 1978 1262 sb
2007 1210 2053 1251 in
2078 1205 2131 1252 de
2166 1205 2352 1253 ontleed-

1358 1267 1500 1314 kunde
1538 1268 1600 1314 als
1644 1268 1802 1314 andere
1839 1268 1985 1314 deelen
2026 1267 2104 1315 der
2138 1270 2352 1331 medicyne

1359 1331 1578 1378 Amsterd.
1600 1337 1736 1385 1686.
1763 1338 1804 1385 8.
1841 1333 1934 1378 TR.

1587 1430 1630 1472 p.
1654 1423 1738 1469 525
1781 1414 1807 1458 l.
1835 1426 1856 1469 5
1892 1411 1972 1460 fin.
1997 1413 2100 1461 add.

1358 1477 1519 1524 titulus
1550 1476 1610 1523 est
1640 1477 1691 1522 de
1724 1487 1908 1537 tempore
1922 1477 2045 1535 fetus
2078 1482 2354 1526 animationis

1361 1540 1420 1596 ἓξ
1447 1545 1699 1587 nutritionis
1733 1541 1851 1586 Lion
1874 1546 2008 1597 1664.
2028 1553 2072 1599 4.

1408 1622 1438 1668 l.
1465 1635 1522 1682 14
1549 1621 1647 1683 post
1668 1621 1838 1667 B1MET
1854 1654 1865 1673 ‚
1902 1620 2013 1666 adde
2033 1620 2287 1684 Chirurgus

1688 1682 2016 1745 Lugdunensis.
2352 1688 2354 1691 ’

1443 1769 1472 1814 1.
1492 1779 1544 1825 15
1584 1765 1680 1826 post
1706 1773 1747 1819 8.
1766 1800 1778 1819 ‚
1816 1765 1927 1812 adde
1950 1767 2003 1811 ad
2024 1767 2270 1814 BJMETUM

1357 1833 1510 1879 RAST.
1559 1831 1671 1877 Non
1691 1828 1909 1876 absurdus
1932 1830 2042 1875 adeo
2063 1830 2188 1883 liber,
2213 1830 2243 1876 fi
2267 1831 2351 1878 dif.

1314 1945 1338 1964 A·
1357 1894 1573 1942 ficultatis
1600 1893 1874 1945 memineris,
1914 1909 2014 1952 quae
2032 1892 2092 1939 est
2112 1894 2161 1940 in
2181 1893 2347 1942 offibus

1358 1958 1490 2006 versu
1516 1957 1779 2004 hexametro
1802 1954 2118 2003 describendis.

1411 2044 1564 2087 Franc.
1587 2041 1802 2086 Sffloms
1837 2038 2140 2097 macrocosmus
2167 2037 2347 2085 didani-

1360 2121 1430 2150 cus
1463 2103 1630 2151 Hamb.
1651 2109 1785 2160 1664.
1810 2109 1850 2156 8.
1889 2100 1920 2147 fi
1942 2101 2032 2148 huc
2054 2099 2175 2150 facit.

1594 2202 1640 2244 p⁴
1664 2195 1754 2242 527
1790 2186 1867 2241 l.4
1898 2181 1976 2229 fin.
2003 2182 2103 2228 add.

1357 2259 1410 2294 ut
1440 2247 1653 2294 albumen
1669 2282 1679 2300 ‚
1707 2263 1801 2292 non
1825 2247 1887 2293 ita
1910 2245 2179 2305 hydatidum
2203 2247 2348 2306 liquo-

1356 2329 1469 2358 rem.
1539 2312 1788 2357 Glandulas
1812 2308 1843 2356 s.
1862 2326 2049 2369 corpora
2070 2310 2222 2356 luteaa
2239 2327 2345 2356 con-

1358 2387 1489 2436 ceptu
1514 2375 1694 2421 demum
1725 2372 1846 2419 nasci
1878 2375 2051 2432 aliquos
2082 2385 2342 2427 autumare,

1356 2451 1515 2485 contra
1550 2455 1664 2498 quos
1699 2440 1902 2492 Losslus
1945 2438 2067 2484 dicit.
2147 2437 2345 2483 Videtur

1356 2503 1595 2562 hydatides
1623 2502 1784 2547 habere
1810 2517 1891 2561 pro
1924 2500 2152 2562 perpetuis
2186 2516 2345 2560 corpo-

1354 2569 1415 2613 ris
1441 2567 1647 2612 animalis
1669 2565 1886 2626 partibus.

1354 2664 1397 2707 p.
1420 2659 1510 2705 530
1546 2648 1622 2693 l.6
1656 2645 1752 2706 post
1773 2652 1905 2703 1687.
1929 2656 2000 2692 12.
2019 2644 2118 2690 add.
2141 2655 2275 2700 1720.
2293 2656 2341 2701 4.

1351 2745 1395 2788 p.
1420 2739 1502 2786 531
1541 2729 1636 2785 lege
1668 2728 1862 2774 Primam
1895 2729 1937 2772 &
1973 2723 2212 2771 secundam
2251 2725 2342 2784 epi.
2411 2780 2413 2782 .

1449 2792 1606 2837 stolam
1632 2790 1840 2850 prodiiffe
1873 2804 1970 2834 non
2000 2793 2132 2845 1695.
2168 2785 2243 2833 sed

1691 2871 1730 2900 a.
1752 2858 1886 2909 1696.
1929 2852 2019 2898 ΤΒ.

1478 2926 1533 2975 ad
1560 2927 1590 2976 l.
1618 2927 1826 2979 ultimam
1851 2924 1963 2976 adde
1989 2938 2126 2988 1731.
2147 2939 2193 2987 4.
2249 3000 2270 3053 ς
2309 2999 2338 3040 2

1543 3020 1546 3021 ⁷
2183 3007 2228 3053 P·
2280 3001 2303 3049 3
