2531 3394
271 114 370 175 ‘478
491 174 495 178 ,
673 79 811 163 ΠΒ.
860 115 958 164 zx.
1023 113 1436 185 ANATOMES
1493 112 1933 189 PERFEeTm.

283 261 361 292 rus
386 244 502 292 circa
522 243 795 305 caput'fetus
825 248 1098 294 contradms.
1135 244 1366 297 Uterioss
1378 259 1481 290 cum
1504 244 1667 305 aperiri
1691 244 2145 301 recusaret,‘incisum
2170 245 2342 310 absque

282 325 420 355 noxa.
488 311 640 356 Mater
662 312 817 372 ignara
848 323 1013 371 partus.

415 391 490 452 EJ.
536 394 581 437 A
605 392 671 451 fit
705 391 758 452 of
781 390 1040 438 anatomical
1072 390 1207 437 tables
1230 387 1333 436 with
1357 389 1653 451 explanationi:
1678 390 1768 438 and
1795 408 1851 438 an
1882 390 2153 454 abridgment
2192 395 2247 456 of
2271 394 2341 443 the

277 455 466 517 pradice
497 455 550 516 of
570 456 789 517 midwzfry
824 455 1018 502 London
1053 466 1188 512 1754.
1213 452 1290 500 fol.
1319 459 1426 516 giu*
1492 455 1679 502 Tabulae
1720 454 1828 502 sunt
1865 467 1938 512 39.
2006 458 2152 505 Pelvis
2179 458 2340 511 secun-

286 518 396 565 dum
425 531 632 565 naturam
664 518 707 565 se
739 520 930 570 habens,
969 530 1068 564 tum
1101 514 1343 568 difformis.
1406 519 1635 566 Pudenda.
1696 521 1876 566 Uterus.
1927 519 2138 580 'Vaginae
2159 525 2336 578 exitUS‚

286 581 379 642 ipse
400 582 579 629 demum
609 600 746 629 anus,
793 580 959 628 offibus
993 582 1125 641 pubis
1161 582 1419 641 propitum,
1461 599 1597 642 quam
1635 584 1833 643 coccygi.
1904 584 2036 630 Uteri
2071 584 2235 631 ostium
2273 604 2341 634 re-

282 644 484 692 trorsum
512 645 694 707 speetat.
764 648 894 693 Uteri
927 644 1094 691 diffec‘ti
1120 646 1304 697 tabulas
1340 646 1504 705 vagina
1529 649 1614 693 late
1641 647 1802 693 ostium
1829 648 1948 694 uteri
1972 650 2175 706 amplexa
2194 667 2211 702 3
2239 662 2339 697 ute-

286 726 364 757 rus
389 727 414 756 a
437 709 577 756 vesica
601 727 713 770 aque
739 709 962 755 intestinis
993 711 1041 754 in
1069 725 1229 755 cavum
1262 708 1364 755 offis
1399 708 1512 755 sacri
1541 709 1811 770 compulsus.
1881 712 2014 758 Uteri
2044 713 2339 761 incrementa.

284 772 439 820 'Verus
461 772 567 820 situs
600 773 718 820 fetus
748 774 785 819 is
815 773 899 826 est,
949 786 1002 819 ut
1028 774 1152 833 prior
1186 774 1306 819 auris
1347 772 1477 832 pubis
1511 791 1560 820 os
1588 776 1848 834 contingat,
1900 778 2039 821 altera
2071 793 2120 822 os
2146 774 2338 824 sacrum.

288 838 419 884 Uteri
451 854 527 897 per
552 839 672 882 varia
694 849 898 897 tempora
917 837 1199 898 graviditatis
1226 838 1531 892 mutationes,
1568 838 1619 884 in
1643 840 1921 899 parturiente
1949 837 2212 888 semuncem
2230 839 2342 888 crass

287 899 361 949 sus
392 901 468 948 est.
533 901 625 948 Iter
652 901 808 962 capitis
829 899 947 948 fetus
977 901 1027 947 in
1050 913 1196 961 partu.

697 1029 743 1086 §.
788 1030 1121 1078 MCXXV1.
1216 1033 1391 1080 Carolus
1427 1030 1682 1094 Chrestianus
1711 1033 1937 1087 KRAUSE,
1965 1039 1969 1041 ’

412 1127 632 1176 Professor
657 1127 917 1188 Lipsiensis,
954 1145 1050 1174 non
1075 1128 1256 1188 quidem
1284 1128 1475 1183 incisor,
1516 1130 1640 1177 varia
1658 1143 1811 1177 tamen
1831 1129 2000 1192 scripsit
2021 1129 2340 1197 physiologica.

287 1194 404 1256 EJUS
435 1194 487 1240 de
510 1192 672 1241 homine
701 1210 785 1239 nen
807 1191 1002 1239 machina
1035 1192 1188 1253 Lipfiae
1215 1205 1350 1251 1752.
1378 1193 1460 1251 4*

415 1276 592 1337 EJUSD.
643 1275 843 1336 Pritfung
870 1273 948 1321 der
976 1273 1244 1334 Preisschrzfi
1270 1275 1340 1321 des
1363 1281 1513 1322 Herrn
1540 1276 1576 1322 le
1598 1276 1705 1323 CAT
1735 1293 1821 1323 von
1850 1276 1927 1323 der
1949 1277 2346 1342 Asuskelbewegung

289 1341 475 1400 Leipzig
502 1351 636 1398 1755.
663 1342 742 1397 4*
809 1340 983 1385 Contra
1011 1339 1047 1384 le
1072 1340 1282 1385 CATmM
1299 1374 1311 1392 ‚
1349 1341 1480 1401 eujus
1504 1339 1853 1386 differtationein
1885 1342 2154 1388 Germanice
2172 1343 2345 1391 versam

291 1406 418 1452 notis
439 1403 530 1450 suis
558 1405 815 1449 comitatur.
888 1403 1063 1449 Contra
1089 1405 1180 1448 vim
1212 1401 1389 1450 inlitam
1408 1439 1420 1458 ,
1458 1421 1557 1464 quae
1584 1421 1680 1449 non
1708 1404 1769 1450 est
1795 1421 1817 1450 a
1853 1405 2018 1451 nervis.
2090 1407 2236 1453 Etiam
2265 1425 2342 1455 eos

289 1481 445 1515 motus
477 1467 628 1513 nervis
656 1466 819 1513 tribuit
840 1500 851 1519 ,
907 1469 985 1526 qui
1023 1465 1262 1527 supersunt
1300 1469 1350 1514 in
1384 1468 1588 1527 partibus
1621 1469 1674 1513 de
1714 1485 1902 1528 corpore
1932 1471 2137 1516 animalis
2152 1470 2341 1519 avulsis.

289 1530 552 1580 Sensorium
581 1546 824 1577 commune
857 1532 1188 1577 nonnullorum
1214 1533 1478 1578 animalium
1509 1531 1590 1578 effe
1611 1534 1660 1577 in
1685 1531 1845 1592 spinali
1868 1533 2079 1579 medulla.
2148 1536 2260 1581 Non
2278 1536 2346 1582 vi-

288 1596 384 1642 deri
409 1593 797 1655 semifpiritualem
829 1592 1012 1640 succum
1042 1612 1258 1641 nerveum
1287 1597 1336 1642 in
1367 1597 1518 1643 nervis
1547 1613 1728 1642 manere
1752 1595 1881 1657 poffe.
1952 1595 2215 1644 Musculum
2245 1615 2345 1646 ner-

286 1660 358 1707 vis
388 1675 486 1705 non
510 1658 727 1705 constare.
796 1660 958 1705 Motus
989 1676 1085 1705 non
1116 1676 1273 1706 omncs
1304 1659 1385 1706 effe
1411 1678 1435 1707 a
1469 1662 1719 1707 voluntate.
1790 1662 1825 1706 A
1852 1661 2027 1719 glutine
2046 1664 2234 1709 uniente
2257 1665 2343 1710 cle-

286 1734 440 1771 menta
463 1736 605 1770 terrea
628 1723 782 1769 minus
812 1723 972 1775 valide,
1003 1723 1085 1769 ubi
1118 1722 1365 1770 seeundum
1393 1725 1728 1785 longitudinem
1746 1726 1988 1784 particulas
2010 1728 2218 1780 revincit,
2255 1744 2347 1774 ma-

290 1790 355 1849 gis
380 1788 461 1834 ubi
489 1789 539 1833 in
571 1787 888 1840 latitudinem,
925 1786 1042 1847 poffe
1071 1785 1369 1834 muscularem
1399 1802 1574 1834 motum
1602 1790 1784 1848 exponi.
1853 1789 2016 1849 Aliqua
2044 1802 2203 1837 contra
2222 1808 2308 1838 me.
2343 1841 2345 1844 Α

421 1870 573 1916 Vertit
601 1871 736 1915 etiam
768 1884 823 1914 ex
841 1867 986 1914 latino
1007 1867 1300 1930 Ahhandlung
1315 1870 1386 1915 [les
1401 1874 1552 1916 Herrn
1576 1887 1661 1916 von
1682 1871 1897 1916 HALLER
1922 1887 2008 1916 von
2034 1871 2114 1918 den
2143 1872 2346 1935 empfind-

291 1933 425 1983 lichen
447 1934 538 1980 und
565 1933 792 1982 reizbaren
826 1930 997 1980 Theilen
1034 1933 1106 1978 des
1140 1932 1436 1991 menschlichen
1468 1933 1612 1979 Leihes
1650 1935 1833 1994 Leipzig
1862 1942 1995 1993 1756.
2023 1939 2097 1989 8.*
2163 1937 2347 1996 Experi-

289 2011 445 2047 menta
481 2014 577 2043 mea
613 1995 845 2049 admittit,
880 1994 955 2042 sed
983 1994 1108 2043 secus
1138 1997 1462 2057 interpretatur
1491 2014 1514 2044 a
1546 1998 1696 2044 nobis.
1788 2000 1900 2044 Non
1933 1998 2047 2058 pofl'e
2085 1996 2141 2046 ex
2171 2002 2343 2046 anima-

290 2063 406 2111 lium
433 2060 612 2121 apathia
641 2061 696 2107 ad
721 2057 976 2107 insensilem
1009 2073 1217 2106 naturam
1247 2062 1488 2108 tendinum
1528 2062 1754 2108 concludi.
1824 2063 1889 2108 Ex
1928 2063 2097 2110 morbis
2130 2063 2183 2109 de
2213 2062 2346 2126 sensu

291 2142 445 2174 earum
478 2126 670 2185 partium
707 2123 922 2171 constare.
992 2124 1078 2170 Pro
1108 2122 1238 2170 sensu
1266 2125 1487 2172 medullae.
1557 2127 1627 2172 De
1652 2125 1956 2172 irritabilitate
1981 2127 2177 2173 brevius.
2231 2129 2346 2174 Non

290 2206 458 2238 :novam
492 2204 586 2235 eam
618 2186 713 2235 esse.
781 2188 930 2234 Etiam
956 2188 1261 2250 elongationem
1285 2187 1410 2235 fibrae
1438 2190 1492 2235 ad
1523 2190 1872 2236 irritabilitatem
1898 2190 2139 2249 pertinere.
2232 2193 2344 2238 Eam

289 2257 384 2302 vim
414 2251 495 2299 effe
519 2253 780 2311 qualitatem
808 2250 1059 2298 obscuram.
1130 2254 1297 2299 Cutem
1329 2253 1595 2300 irritabilem
1625 2253 1736 2307 effe3
1773 2252 1831 2299 fic
1856 2254 2138 2313 pulmonem.
2207 2255 2346 2302 Varia

290 2319 455 2380 placita
485 2314 675 2367 refutat,
712 2332 811 2375 quae
838 2332 935 2361 non
967 2315 1074 2363 sunt
1105 2332 1218 2363 mea.
2300 2318 2307 2322 “

418 2399 532 2445 Non
560 2394 772 2456 separabo
803 2396 895 2443 diff.
925 2397 976 2444 de
994 2397 1258 2457 sensibilibus
1275 2399 1480 2461 partibus
1503 2397 1679 2445 humani
1701 2401 1886 2462 corporzk
1921 2399 2079 2461 Lipsiae
2101 2408 2235 2460 1765.
2262 2394 2347 2459 49⁶

290 2464 469 2511 Omnes
511 2473 659 2522 partes
697 2459 886 2506 humani
925 2463 1127 2522 eorporis
1163 2460 1294 2509 sensu
1331 2464 1553 2524 gaudere,
1603 2464 1739 2509 etiam
1774 2465 2124 2525 epidermidem‚
2160 2467 2343 2511 cellulas

290 2523 522 2586 adiposas,
554 2523 826 2576 medullam,
872 2523 984 2577 offa,
1025 2542 1152 2572 renes
1178 2545 1189 2572 ε
1239 2528 1566 2587 perieranium‚
1601 2528 1654 2573 de
1682 2545 1774 2588 quo
1801 2530 2145 2588 ampliaveram,
2186 2529 2344 2574 duram

292 2590 634 2641 membranam,
671 2603 880 2634 corneam
911 2589 1139 2642 tunicam,
1179 2589 1378 2651 capsulas
1406 2592 1718 2638 articulorum.
1787 2594 1931 2639 Nulla
1958 2593 2279 2652 experimenta.

420 2672 495 2731 EJ.
535 2667 786 2731 Dfflrtatio
815 2671 866 2717 de
883 2672 1094 2730 quaestione
1118 2670 1170 2716 ab
1194 2673 1426 2719 Academia
1446 2678 1552 2734 Imp.
1582 2676 1736 2720 scient.
1760 2673 2087 2734 Petropolitana
2099 2670 2309 2733 proposita
2325 2690 2344 2726 ,-

293 2740 496 2796 Quaenam
513 2734 570 2792 fit
595 2733 720 2791 causa
741 2739 943 2794 proxima
974 2745 1143 2779 mutans
1170 2749 1321 2796 corpus
1338 2738 1484 2796 fetus,
1534 2753 1617 2782 non
1643 2738 1790 2784 matris
1807 2736 2030 2796 gravidae,
2083 2733 2205 2791 hujus
2230 2753 2343 2782 men-

292 2812 332 2844 τε
366 2816 392 2844 a
430 2799 551 2857 ιαμβι
594 2797 781 2858 quadam
821 2797 1029 2843 violentiae
1074 2811 1278 2844 commota
1318 2798 1441 2854 &car
1479 2801 1708 2859 Petropoli
1768 2802 1900 2856 (non
1939 2798 2119 2844 additus
2157 2803 2341 2859 annus)

298 2868 435 2918 1756.
464 2860 544 2920 4*
582 2863 790 2907 Animam
817 2859 990 2908 causam
1014 2859 1093 2906 effe
1117 2863 1324 2907 omnium
1350 2863 1400 2908 in
1427 2862 1508 2909 suo
1536 2879 1722 2923 corpore
1741 2863 1988 2914 aetionum⁹
2012 2877 2165 2908 earum
2189 2863 2339 2917 etiam,

301 2941 491 2984 quarum
518 2923 595 2970 fibi
621 2941 716 2970 non
749 2925 809 2971 cst
840 2923 1049 2976 conseia3
1082 2922 1305 2985 suumque
1336 2943 1499 2986 corpus
1530 2926 1642 2972 ideis
1665 2926 1834 2972 innatis
1865 2941 2048 2984 regere,
2086 2943 2195 2986 quas
2220 2928 2342 2987 cogi-

298 2999 393 3044 tat,
429 3005 527 3037 non
553 2987 731 3037 conscia
762 2987 805 3038 se
835 2989 889 3037 de
914 2989 968 3038 iis
997 2989 1209 3052 cogitare.
1277 2989 1523 3051 Imperium
1549 2990 1710 3037 animae
1738 3005 1890 3053 regere
1913 2989 2049 3039 etiam
2077 3003 2224 3052 partes
2243 3006 2341 3101 pon

2266 3069 2342 3103 en-
