2531 3394
289 142 387 194 530
690 120 830 178 5.th
869 127 959 176 IX.
1028 110 1448 172 ANAT-OM‘E‘S
1495 116 1931 196 pulemont).

425 261 606 313 Nicolas
623 260 687 308 du
703 261 926 309 San-mu
954 271 1065 319 puer
1084 250 1281 300 triennis
1309 248 1452 311 puber
1488 249 1532 296 8c
1559 248 1665 296 miri
1690 248 1887 297 roboris.

416 345 479 392 *de
504 346 548 393 la
572 345 681 412 RUE
715 330 896 404 cyclops
925 335 1090 386 inians.

427 430 658 476 BONAFos
690 442 803 472 anus
831 421 958 483 pueri
981 414 1170 465 clausus.
1222 462 1225 471 Χ

425 511 598 557 HENM
629 505 801 554 menses
832 519 908 565 per
937 517 1004 547 os.

428 594 619 641 Monm.
649 589 886 635 varietates
919 583 1096 641 aliquae.
1165 577 1379 638 Duplicia
1410 570 1636 623 foramina
1666 573 1949 637 proceffuum
1981 573 2345 624 ‘transverserans

290 657 436 710 colli,
473 671 548 715 per
574 668 769 714 quorum
795 648 1036 709 posteriora
1059 644 1219 690 arteria
1243 641 1473 687 cervicalis
1498 640 1718 700 posterior
1746 641 1934 686 meabat.
2005 640 2189 686 Canalis
2214 639 2264 685 in
2286 652 2350 686 at·-

299 723 423 770 =lante
450 718 607 766 osseus.
676 712 800 761 Tarfi
825 709 1114 762 offanovem.
1182 705 1315 753 Nulli
1342 705 1392 750 in
1420 706 1597 765 virgine
1627 702 1893 764 sphenoidei
1918 702 2055 750 finus.
2124 701 2353 750 Mensura:

302 785 454 832 sceleti
483 782 610 843 pueri
640 777 843 825 rachitici
868 773 978 835 pede
1004 787 1099 832 non
1129 769 1366 830 longioris.
1450 767 1704 815 varietates
1735 768 1832 814 aliae
1858 766 2194 820 musculorum,
2226 764 2353 814 vaso..

300 865 419 902 rum.
484 847 607 892 Cerae
635 858 710 903 per
733 843 970 901 pulmones
994 837 1094 888 iter,
1128 851 1184 880 ex
1201 832 1330 879 venis
1356 832 1405 877 in
1421 831 1622 877 arterias.
1690 832 1933 878 Peculiaris
1952 830 2121 878 fabrica
2143 828 2354 877 vasorum
2391 873 2400 875 -
2432 848 2440 851 ’

240 902 242 905 .
300 910 478 959 brachii
518 911 559 955 ἃ
602 903 910 953 musculorum
945 900 1292 946 nonnullorum·
1362 895 1435 941 Bis
1472 895 1634 941 arteria
1667 895 1846 942 radialis
1884 897 1934 941 in
1958 893 2137 941 summo
2162 893 2353 941 humero

298 975 523 1023 distincita.
592 973 734 1017 Arcus
762 966 953 1018 volatis,
991 980 1045 1010 ex
1071 979 1196 1009 ramo
1222 959 1397 1007 arteriae
1415 959 1588 1006 ulnaris
1611 957 1692 1005 sub
1717 957 1951 1005 interoffea
1977 970 2103 1005 nato,

431 1057 488 1102 In
516 1057 702 1114 Genting.
728 1053 947 1110 Anzeigen
978 1061 1062 1090 von
1091 1040 1305 1104 gelehrten
1332 1038 1490 1087 Sachen
1514 1052 1648 1098 1757.
1684 1056 1731 1086 n.
1758 1051 1829 1098 54.
1865 1038 2059 1087 refertur
2089 1039 2143 1086 de
2178 1055 2318 1099 puero
2338 1073 2350 1093 ,

304 1111 442 1181 quem
471 1120 512 1165 ὃς
540 1114 631 1177 ipse
660 1115 788 1167 vidi,
838 1112 912 1159 cui
946 1125 1044 1171 pars
1064 1109 1179 1153 cutis
1207 1105 1298 1166 pilo
1329 1102 1545 1151 subfulvo
1572 1106 1711 1157 tecta,
1760 1101 1884 1150 fusca
1912 1115 2005 1151 era-t
2036 1105 2078 1150 &
2105 1101 2357 1150 verrucosa.
2416 1139 2436 1158 s„

306 1186 457 1233 Mater
483 1179 715 1228 accusabat
735 1190 952 1224 terrorem
976 1189 1000 1218 a
1026 1171 1233 1230 capreolo
1256 1179 1541 1229 conceptum.

431 1264 487 1311 In
511 1262 653 1309 diario
686 1256 811 1306 Reicla
833 1256 914 1302 der
940 1259 1093 1302 Natur
1118 1250 1207 1297 und
1229 1250 1306 1296 der
1327 1253 1464 1307 Sitten
1480 1284 1492 1303 ‚
1531 1249 1662 1310 cujus
1686 1250 1861 1309 aliquot
1884 1251 2000 1295 tomi
2026 1249 2173 1295 Hallae
2196 1246 2284 1294 hoc
2315 1250 2356 1296 &

305 1326 600 1389 sequentibus
627 1325 757 1370 annis
785 1320 1052 1382 prodierunt
1073 1350 1085 1369 ,
1121 1315 1242 1361 varia
1268 1312 1376 1360 sunt
1399 1314 1654 1374 argumenti
1691 1311 2018 1374 physiologici3
2071 1324 2126 1359 ut
2152 1311 2206 1358 de
2231 1313 2356 1359 caecis

307 1391 572 1440 horninibus
598 1389 763 1434 artium
794 1383 945 1445 peritis
967 1400 978 1427 ε
1017 1380 1070 1426 de
1097 1377 1368 1426 ani-malibus
1397 1375 1501 1424 suos
1528 1378 1676 1437 pullos
1701 1377 1984 1423 docentibus.

311 1538 339 1586 d
440 1473 495 1519 In
531 1463 899 1527 Hannbverzschen
929 1464 1227 1523 Sanmzlungen
1251 1471 1387 1519 1757.
1432 1459 1485 1504 de
1511 1459 1650 1505 modo
1684 1458 1842 1505 avium
1877 1455 2142 1505 ficcatarum
2178 1455 2357 1505 servan-

342 1553 483 1585 arum.

438 1618 494 1665 In
521 1608 978 1673 Braunschweigzschen
998 1610 1213 1668 Anaeigen
1243 1615 1375 1663 1757.
1408 1602 1461 1649 de
1488 1603 1650 1665 majori
1676 1619 1811 1664 quam
1835 1599 1993 1649 solitus
2021 1600 2113 1655 est,
2149 1614 2354 1650 mortuo-

311 1699 415 1732 rum
439 1696 655 1732 numero,
694 1677 774 1737 qui
795 1692 833 1722 a.
855 1686 988 1732 1757.
1024 1672 1077 1717 de
1098 1672 1192 1717 vita
1211 1666 1487 1715 decesserunt
1505 1702 1517 1720 ‚
1557 1668 1700 1728 deque
1728 1669 1824 1728 ejus
1847 1665 2091 1713 infortunii
2117 1665 2291 1714 cauffis.

440 1763 496 1809 In
520 1754 1087 1819 observationspe7·iodiques
1101 1753 1180 1811 fitr
1199 1751 1242 1797 la
1264 1747 1477 1812 physeque,
1504 1747 1701 1811 l'histoire
1725 1748 1932 1795 naturelle
1953 1745 2049 1802 &a
2081 1746 2201 1795 Paris
2219 1761 2354 1806 1757.

316 1828 478 1887 Aliqua
501 1825 554 1871 de
580 1821 773 1884 piscibus
804 1819 989 1866 marinis
1020 1815 1256 1877 posthuma
1289 1815 1571 1866 Prummu,
1617 1825 1669 1860 ut
1689 1813 1858 1859 doratae
1892 1828 1994 1864 cor,
2030 1809 2187 1864 sirene,
2223 1828 2360 1872 quam

315 1893 548 1938 GAUTIER
574 1890 636 1933 ait
663 1884 704 1932 se
727 1886 776 1931 in
798 1881 967 1943 scypho
993 1884 1139 1928 vitreo
1164 1894 1314 1925 coram
1337 1874 1549 1924 habuifl‘e.
1617 1877 1965 1924 Lumbricorum
1989 1876 2266 1923 terrestrium
2286 1892 2360 1923 ve-

314 1970 404 2001 nus
429 1955 470 2000 &
500 1964 646 2013 partes
670 1948 888 2011 genitales
915 1946 1156 2005 utriusque
1186 1941 1333 1988 sexus.

447 2032 615 2080 Recueil
637 2032 688 2079 de
706 2035 864 2093 pieces,
898 2031 972 2089 qui
998 2037 1073 2072 ont
1099 2040 1308 2071 concouru
1342 2035 1457 2084 pour
1495 2022 1533 2068 le
1556 2027 1663 2083 prix
1693 2021 1744 2069 de
1769 2020 2028 2068 l'Academie
2051 2023 2155 2080 Ray.
2183 2018 2234 2065 de
2265 2017 2361 2066 chi-

313 2101 465 2160 rurgi-⁴:
498 2097 619 2142 Paris
650 2107 783 2153 1757.
807 2091 887 2152 4.*
923 2088 1073 2151 paffim
1100 2101 1335 2146 utcunque
1359 2085 1448 2133 huc
1473 2084 1671 2141 faciunt,
1708 2098 1762 2133 ut
1790 2085 1845 2132 ad
1875 2082 2248 2131 inflammationis
2285 2099 2362 2129 na-

319 2174 485 2210 turam.
553 2161 798 2206 ERNAULD
821 2157 874 2202 de
894 2167 987 2202 arte
1017 2152 1210 2199 docendi
1235 2149 1408 2197 surdos.

447 2242 557 2288 Atia
592 2239 825 2286 Academiae
863 2235 1092 2282 eleffloralis
1134 2236 1399 2295 Moguntinae
1423 2234 1704 2290 J‘cIentiarum
1732 2229 1926 2282 utilium,
1964 2245 2051 2289 quae
2075 2226 2284 2290 Erfordiae
2310 2228 2365 2288 est

320 2304 502 2356 Erford.
527 2316 661 2363 1757.
689 2302 768 2356 8.*
832 2300 1038 2346 Cheniici
1067 2295 1344 2358 potiffimum
1370 2296 1658 2354 argumenti,
1696 2295 1847 2353 aliqua
1883 2295 1923 2339 &
1954 2290 2264 2352 phyfiologici.

451 2392 547 2434 Der
568 2380 882 2440 medicinischen
904 2384 1087 2428 Societat
1114 2383 1156 2424 in
1178 2376 1366 2434 Budffn
1389 2376 1684 2436 Sammlungen
1704 2374 1797 2421 und
1823 2373 2163 2434 Abhandhmgen
2188 2389 2265 2419 aus
2300 2372 2364 2418 al»-

314 2454 389 2500 len
416 2450 586 2499 Theilen
611 2448 687 2494 der
707 2441 1134 2506 Arzneygelahrtheit
1162 2441 1430 2502 prodierunt
1464 2440 1718 2499 Altenburg
1743 2451 1878 2496 1757.
1903 2437 1981 2492 8.*
2048 2438 2257 2496 Princeps
2288 2451 2364 2481 au-

323 2519 421 2578 §tor
444 2514 487 2577 J.
507 2514 564 2559 G.
592 2513 821 2558 BUDAEus.
892 2507 1028 2552 Varia
1051 2502 1257 2565 responsa
1287 2504 1474 2550 medica.
1543 2505 1655 2550 Non
1676 2519 1701 2548 a
1729 2500 1829 2548 laeso
1846 2502 2045 2554 tendum,
2077 2498 2150 2546 sed
2177 2516 2200 2545 a
2222 2514 2363 2543 nervo

321 2578 626 2641 symptomata
658 2571 811 2624 fuiffe,
851 2586 951 2630 quae
977 2569 1154 2614 tendini
1178 2569 1460 2614 tribuuntur.
1544 2568 1762 2613 Granium
1795 2566 1843 2612 in
1885 2577 2015 2625 partu
2055 2560 2361 2621 conprefl'um,

325 2643 556 2691 cerebrum
581 2636 764 2689 elisum,
800 2647 855 2682 ut
881 2631 1056 2679 nudum
1083 2630 1162 2677 sub
1193 2643 1295 2677 cute
1331 2629 1447 2676 effer.
1515 2632 1644 2678 Mors
1673 2646 1698 2676 a
1727 2629 1868 2676 nimia
1896 2625 2121 2674 obesitate.
2190 2626 2246 2671 In
2267 2622 2365 2669 san-

328 2707 465 2768 guine
488 2705 575 2751 viri
602 2699 824 2749 arthritici
850 2695 993 2744 crusta
1017 2693 1121 2740 sebo
1147 2692 1301 2740 fimilis
1320 2727 1333 2746 ,
1366 2695 1415 2740 in
1443 2710 1623 2741 arenam
1658 2709 1735 2753 per
1760 2691 2003 2738 ficcitatem
2037 2699 2224 2736 mutata.
2292 2688 2363 2733 De

325 2766 487 2817 effectu
520 2766 614 2827 opii
642 2767 692 2812 in
721 2761 937 2823 sanguine
962 2755 1279 2805 rarefaciendO.
1344 2757 1543 2804 Plurima
1572 2757 1628 2803 ad
1650 2754 1947 2803 infanticidia.

458 2845 704 2906 Bremisches
725 2845 938 2905 Magazin
958 2855 1040 2890 zur
1058 2836 1347 2899 Ausbreitung
1373 2838 1453 2885 der
1482 2843 1545 2885 W
1541 2835 1826 2899 zffi’nschaften
1841 2869 1854 2888 ‚
1889 2835 2044 2894 Kiinste
2068 2830 2161 2879 und
2189 2830 2366 2894 Tugend

326 2914 517 2961 Brernen
540 2923 676 2970 1757.
706 2907 781 2964 8.*
816 2908 858 2954 &
888 2903 1020 2952 annis
1043 2900 1350 2964 sequentibus·
1414 2902 1523 2951 Fere
1549 2917 1604 2951 ex
1624 2901 1824 2963 Anglicis
1847 2898 1998 2946 diariis
2027 2895 2267 2945 coll-ectum
2287 2896 2367 2942 ali-

326 2992 419 3040 qua
444 2975 583 3025 habet
607 2972 749 3022 nostri
769 2966 1040 3034 argumenti.
2251 2994 2367 3040 com·
