2531 3394
283 114 382 164 ¹794
674 103 817 157 L1B.
866 105 964 150 rx.-
1026 99 1449 151 ANATOMES
1506 98 1960 152 PERFOECTIO.

415 229 588 279 Charles
609 231 813 280 WHITE
835 250 862 280 a
889 233 1063 293 treatisie
1090 249 1142 279 on
1164 229 1233 276 the
1259 241 1554 291 management
1579 230 1850 292 ospregnant
1863 232 1955 280 and
1968 234 2086 296 [ying
2110 239 2156 283 in
2181 252 2342 285 women

283 296 480 343 London
506 307 639 354 1773.
666 295 742 349 8.*
782 298 954 344 Partus.
1021 297 1178 342 Fctum
1220 294 1411 339 omnino
1451 293 1691 353 obliquum
1730 296 1782 340 in
1817 308 1949 362 ‘utero
1977 299 2118 352 vidit,
2158 302 2339 360 qualem

283 357 419 406 fitum
446 360 705 407 FieLmNG
732 361 884 408 Outn
914 358 1135 406 describit.
1206 357 1516 404 Secundarum
1539 360 1713 403 exitum
1737 374 1762 403 a
1788 371 1951 406 natura
1977 359 2215 421 exspectat.
2271 365 2340 411 Ex

245 451 247 455 .
282 421 494 470 funiculo
521 439 617 469 non
638 424 777 484 ligato
802 422 1067 484 sanguinem
1091 422 1146 467 ad
1168 432 1359 466 mortem
1395 419 1536 481 usque
1562 421 1690 481 pueri
1714 420 1915 468 effluere.

414 505 655 552 COAKLEY
670 503 1276 564 LETsommedicalmemeirs
1291 502 1343 562 of
1358 500 1426 548 the
1439 502 1617 562 general
1626 502 1914 563 dispensatam
1933 505 2077 552 Lond.
2103 518 2236 564 1773,
2259 507 2341 562 3,*

287 569 385 625 Qi
410 585 487 628 per
518 580 586 628 14.
631 569 875 616 continuos
904 583 1048 613 annos
1089 582 1319 612 enormem
1350 566 1443 624 opii
1482 566 1578 611 vim
1607 564 1778 613 sumsit.
1847 567 1964 614 Fasti
1996 572 2266 618 emortuales
2299 574 2342 619 &

287 633 498 679 natalitii.
559 632 832 692 Sanguinem
854 630 909 675 ab
934 629 1215 690 hydrargyro
1241 645 1337 674 non
1368 627 1556 675 dissolvi.

417 711 727 774 Encyclopaedia
749 711 903 771 ofarts
916 703 1194 769 aiids'ciences
1210 709 1417 772 compiled
1438 725 1491 756 on
1511 727 1536 756 a
1558 727 1650 757 new
1660 710 1765 773 plan
1790 711 1937 759 Lond.
1958 725 2093 773 1773.
2113 727 2159 775 4.
2190 716 2341 773 3,V01,

282 777 397 827 'Non
433 777 604 838 placuit
631 774 810 822 criticis.
1480 799 1491 808 .

924 850 971 908 §.
1006 852 1472 901 MCCLXXVII.
1580 852 1701 899 Itali.

413 954 583 996 Lettere
611 948 658 994 di
682 951 842 995 memini
871 949 1018 1010 illustri
1050 950 1223 996 Firenz.
1247 961 1381 1007 1773.
1405 955 1447 1002 8.
1492 949 1624 995 Rem
1645 983 1660 1002 ,
1694 950 1904 998 Rerum
1923 986 1937 1004 ,
1971 953 2213 1000 Bonum.

419 1034 620 1078 Germani
637 1031 935 1077 AZZOGUml
952 1030 1263 1089 ohservationes
1289 1031 1349 1076 ad
1364 1035 1481 1077 uteri
1503 1031 1842 1091 construft'ionem
1847 1038 2110 1094 pertinentes
2140 1036 2343 1097 Bologna

296 1106 432 1154 1773.
460 1098 537 1152 4.*
602 1094 772 1153 Rejicit
798 1094 1103 1140 membranam
1130 1096 1359 1141 internam
1387 1095 1521 1140 uteri.
1590 1095 1812 1153 Injedtum
1829 1097 1877 1141 in
1897 1098 2081 1143 arterias
2103 1097 2343 1146 humorem

288 1159 342 1206 de
375 1157 484 1203 facie
512 1157 631 1203 uteri
649 1157 829 1202 interna
844 1155 1072 1205 exsudare.
1139 1159 1308 1204 Nullos
1329 1156 1409 1204 effe
1425 1158 1590 1203 floccos
1615 1158 1711 1217 ejus
1731 1160 2018 1214 membranae,
2040 1163 2187 1209 nullas
2207 1160 2343 1210 fibras

288 1219 579 1269 musculares.
649 1220 844 1267 Nullum
873 1222 1195 1267 commercium
1218 1238 1294 1282 per
1317 1234 1500 1267 uterum
1523 1222 1643 1267 inter
1672 1234 1858 1268 matrem
1891 1225 1932 1270 &
1960 1222 2121 1277 fetum.
2190 1224 2346 1274 Mater

287 1286 434 1331 eatelli
462 1282 697 1344 exsanguis
718 1317 730 1336 ,
769 1300 870 1330 cum
908 1287 1092 1331 catellus
1130 1283 1223 1344 ipse
1250 1284 1366 1330 nihil
1395 1285 1448 1330 de
1481 1282 1561 1330 suo
1590 1283 1809 1346 sanguine
1831 1286 2047 1336 ami-liffet.
2114 1289 2250 1336 Fetus
2273 1307 2343 1338 ca-

289 1349 382 1408 pite
410 1349 452 1394 &
482 1347 614 1393 corde
642 1346 882 1394 destitutus
907 1366 917 1393 :
959 1346 1059 1394 vasa
1086 1365 1141 1394 ex
1169 1346 1293 1394 sacco
1319 1346 1505 1394 carnoso
1537 1360 1651 1395 orta.

410 1430 586 1489 EJUSD.
631 1430 949 1488 Institutionum
976 1429 1240 1476 medicorum
1257 1429 1365 1476 Vol.
1388 1430 1424 1475 Ι.
1459 1430 1636 1476 Bonon.
1661 1442 1795 1488 1775..
1821 1429 1898 1484 8.)ίΓ
1932 1431 2215 1494 Phyfiologia
2230 1450 2341 1481 meae

285 1509 384 1540 non
408 1491 657 1544 diffimilis,
695 1504 856 1551 praeter
886 1491 1066 1552 spiritus
1093 1494 1298 1539 animalis
1329 1509 1444 1552 quos
1471 1493 1632 1553 rejicit.
1701 1493 1933 1541 Insensiles
1960 1509 2109 1555 partes
2144 1496 2225 1543 effe
2252 1497 2343 1543 me-

285 1572 388 1602 eum
419 1553 672 1608 consentit,
720 1556 1032 1615 experimento
1060 1557 1110 1603 in
1142 1557 1255 1602 dura
1288 1556 1551 1602 membrana
1589 1558 1757 1604 cerebri
1785 1559 1834 1603 in
1874 1558 2060 1605 homine
2083 1558 2227 1614 fadto,
2264 1577 2346 1620 pro

286 1617 634 1669 Bartholomaemn
662 1619 903 1666 RIVIERA.
970 1621 1041 1666 De
1053 1622 1307 1667 ventriculo
1323 1619 1487 1681 absque
1502 1636 1628 1667 mora
1646 1621 1890 1682 liquidiora
1910 1623 2046 1670 exire.
2091 1624 2147 1670 In
2159 1624 2267 1671 Vol.
2282 1625 2343 1672 Η.

282 1681 438 1744 pulsus
458 1716 472 1736 ,
496 1682 631 1729 urina
654 1680 730 1730 sex
756 1699 827 1730 res
855 1700 900 1730 n.
915 1700 967 1731 n.

808 1784 845 1834 §.
881 1780 1376 1830 MCCLXXVIII.
1473 1781 1811 1843 Dzjs'putatione5.

412 1880 566 1924 Fran-c.
589 1874 758 1938 Jofieph.
781 1878 950 1924 KRAUs
982 1877 1035 1924 de
1059 1890 1225 1924 natura
1258 1879 1399 1938 crustae
1423 1879 1763 1940 inflammatoriae
1793 1879 1904 1940 Prag
1923 1891 2058 1937 1773.
2085 1880 2158 1933 8.*
2208 1881 2344 1941 Lym·-

291 1939 428 2000 pham
465 1957 490 1987 a
513 1939 610 1986 sero
641 1940 847 2000 separat3
891 1958 916 1987 a
938 1940 1122 2001 lympha
1149 1941 1342 1988 crustam
1365 1957 1458 1987 eam
1492 1942 1680 1988 derivat.
1752 1945 2341 1992 LEEUWENHOECKIANOS

286 2003 498 2062 globulos
536 2005 734 2050 minores
765 2005 924 2065 rejicit.
1012 2007 1162 2066 Negat
1188 2004 1378 2050 crustam
1418 2006 1663 2051 coriaceam
1691 2004 1770 2051 effe
1805 2022 1829 2051 a
1854 2006 2065 2053 dissoluto
2100 2005 2335 2068 sanguine.

286 2067 486 2115 Mediam
520 2080 691 2127 partem
716 2070 982 2114 arteriarum
1008 2067 1193 2128 lympha
1221 2069 1491 2129 coagulabili
1522 2070 1702 2129 plenam
1731 2069 1862 2116 vidit.

413 2146 568 2208 Joseph
589 2147 640 2194 de
661 2149 879 2195 PLENCIZ
905 2148 956 2194 de
979 2150 1123 2196 calore
1145 2149 1321 2195 animali
1353 2150 1507 2195 Wien
1531 2161 1663 2208 1773.
1688 2148 1767 2203 8.*
1813 2151 1926 2197 Non
1945 2149 2026 2197 effe
2051 2168 2075 2198 a
2094 2152 2231 2205 tritu,
2263 2167 2342 2198 ne-

288 2227 376 2271 que
399 2211 454 2256 ab
477 2210 779 2264 oscillatione,
824 2211 899 2258 sed
929 2228 952 2257 a
982 2210 1182 2273 processu
1222 2213 1278 2258 ad
1301 2213 1592 2273 putredinem
1629 2215 1875 2268 tendente,
1912 2217 2016 2261 licet
2053 2217 2242 2277 exiguus
2270 2213 2344 2263 fit.

288 2274 626 2335 Compendium
659 2273 965 2336 physiologiae.
2351 2321 2359 2331 ,

411 2354 549 2409 Jacob
580 2373 625 2400 v.
652 2355 734 2400 den
756 2357 913 2405 HOUT
946 2356 997 2402 de
1010 2356 1135 2418 febre
1153 2355 1378 2419 petech‘iali
1395 2357 1437 2416 s
1464 2357 1609 2405 morbo
1637 2374 1730 2404 cum
1758 2357 1956 2420 petechiic
1995 2359 2118 2406 Leid.
2139 2372 2273 2418 1773.
2291 2372 2336 2422 4,

412 2440 534 2482 Petri
556 2454 600 2482 v.
631 2437 871 2483 SWIETEN
902 2437 1071 2495 Muficce
1095 2443 1138 2484 in
1162 2438 1367 2484 medicina
1394 2440 1580 2501 influxus
1606 2451 1733 2499 atque
1757 2441 1925 2486 utilitas
1958 2441 2080 2487 Leid.
2100 2453 2233 2498 1773.
2258 2439 2340 2498 4.*

287 2500 485 2548 Alternae
512 2501 631 2546 vices
658 2500 979 2546 contradlionis
1013 2502 1160 2548 cordis
1190 2518 1215 2547 a
1252 2502 1434 2549 stimulo
1462 2501 1692 2563 sanguinis
1719 2501 1848 2556 sunt,
1897 2520 1994 2550 non
2033 2521 2057 2550 a
2093 2520 2345 2550 nervorum

290 2562 526 2623 preffione.
596 2574 640 2609 2.
680 2563 820 2623 Bilem
846 2563 896 2609 in
921 2561 1174 2610 folliculum
1194 2564 1377 2612 felleum
1397 2566 1577 2626 deponi,
1611 2568 1660 2613 in
1690 2583 1741 2612 eo
1763 2583 1857 2612 non
1882 2566 2065 2614 secerni.
2138 2579 2177 2623 3.
2215 2568 2336 2612 Con-

288 2638 357 2673 tra
384 2627 589 2672 cerebelli
612 2627 947 2686 praerogativas.
1014 2640 1060 2685 4.
1095 2629 1317 2689 Exiguam
1345 2628 1425 2675 effe
1443 2631 1919 2683 communicationem,
1957 2634 1998 2677 ἆ
2024 2647 2101 2690 per
2121 2628 2221 2674 vasa
2240 2646 2343 2676 non
2416 2680 2423 2687 ,

285 2690 445 2737 rubra,
477 2700 665 2735 matrem
694 2690 814 2736 inter
853 2692 895 2736 &
925 2688 1084 2737 fetum.
1154 2691 1450 2739 Cantharides
1471 2695 1756 2754 putredinem
1784 2693 2016 2755 sanguinis
2035 2704 2333 2753 promovent,

288 2753 397 2801 dum
424 2753 562 2798 modo
586 2754 709 2799 calor
742 2752 979 2800 accesserit.
1445 2752 1452 2761 ⁴

410 2834 610 2881 Ladislas
623 2834 878 2882 CHERNAK
903 2834 955 2881 de
979 2833 1260 2896 respiratione
1282 2827 1505 2888 volucrum
1542 2837 1768 2901 Groning.
1789 2848 1920 2898 1773.
1948 2849 1993 2897 4.
2030 2838 2158 2886 Aeris
2175 2838 2227 2885 in
2247 2835 2336 2885 offa

286 2896 440 2948 avium
467 2898 820 2950 communicatio
848 2897 921 2950 hic
947 2898 1133 2949 dicitur.
1772 2941 1775 2943 ,

2184 2983 2248 3032 G.
2274 2981 2334 3032 G.
