2531 3394
822 137 859 188 §.
904 145 1042 195 1147.
1086 141 1240 204 1148.
1268 116 1409 184 'V'A
1442 136 1484 184 R
1522 138 1543 184 I
1576 137 1612 185 Ι.
2077 147 2095 155 '
2166 125 2251 204 511

327 242 597 305 Desbr‘iption
631 241 690 289 du
739 242 916 291 Cabe'net
951 249 1005 292 R.
1045 245 1097 291 de
1135 245 1295 305 Dresde
1335 244 1544 295 touchant
1579 245 1772 307 l’hssoire
1817 253 2025 299 natm-elle
2077 255 2249 303 Dresde

167 365 171 367 a
198 320 331 368 1755.
360 313 438 367 4*
469 310 512 353 &
533 307 802 353 Germanice
841 313 1010 367 Kurzer
1041 310 1254 370 Entwmf
1276 308 1370 366 &a
1409 313 1591 357 auctore
1634 312 1702 358 Cl.
1738 312 2056 364 EILENBURG.
2126 321 2253 368 Inter

133 426 139 431 ¹
192 373 470 423 anatomica‚
507 371 623 430 plica
654 373 870 419 enormis.
963 371 1267 418 Instrumenta
1296 373 1550 435 chirurgica
1573 387 1711 422 eunte
1743 373 1892 422 seculo
1916 379 2046 427 XVI.
2081 384 2141 430 ab
2168 387 2252 431 ele.

198 439 320 483 <stote
345 439 586 483 AUGUSTO
610 448 798 481 coemta.
867 435 1052 482 Cornua
1074 451 1312 482 cervorum
1335 434 1576 484 difformia.
1633 440 1807 486 Leaena.

242 560 249 564 ,
321 523 439 566 Petr.
459 517 759 563 Honsraom
786 514 886 562 hort
911 515 1131 574 berc‘ittelfh
1153 533 1219 563 om
1248 522 1492 579 Lappernas
1523 519 1791 582 biornefilnge
1824 521 1983 568 Stokh.
2018 535 2147 583 ¹755·
2177 527 2253 581 8.*

194 581 296 630 Ursi
325 584 374 628 in
408 580 611 627 cavernis
651 579 841 624 hiemem
884 578 1168 640 transigunt,
1211 583 1455 629 exinanitis
1497 581 1749 636 intestinis,
1801 585 2027 633 devoratis
2057 590 2159 648 pilis
2199 608 2255 638 ex

198 648 317 693 nidis
356 644 645 691 formicarum
682 643 940 702 compactis.
1007 644 1228 705 Jejunant
1264 656 1339 692 20.
1377 645 1469 693 fere
1501 646 1887 703 hebdomadibus,
1937 651 2050 711 pilas
2080 650 2255 702 faecales

194 711 294 759 suas
321 712 460 756 altero
488 708 668 753 demum
693 722 795 752 vere
823 706 1036 754 reddunt.

335 788 652 849 Onomatologicz
678 787 841 834 medica
868 789 1072 851 completa
1100 791 1156 836 T.
1173 790 1209 836 Ι.
1243 789 1366 837 Ulm.
1386 802 1522 848 1755.
1551 792 1626 844 8.*
1660 791 1715 840 T.
1731 793 1789 840 II.
1811 793 1871 840 ib.
1896 798 2030 853 1756.
2053 798 2126 850 8.*
2159 796 2258 845 Vo-

198 858 462 907 cabulorum
492 849 804 899 technicorum
824 853 1236 914 interpretationes.
1306 855 1361 900 In
1387 855 1442 902 T.
1462 856 1518 902 II.
1544 872 1677 903 voces
1708 871 1960 905 occurrunt
1988 863 2258 911 anatomicae

200 926 242 970 &
272 918 547 978 chirurgicae.

327 997 442 1056 ,John
469 1000 741 1050 DOUGLAS,
778 996 1022 1058 Chirurgi,
1059 1016 1085 1044 a
1118 999 1292 1057 treatise
1323 1016 1376 1046 on
1410 998 1481 1046 the
1517 998 1738 1060 hydrocele
1781 1003 1978 1050 London
2004 1017 2123 1065 1755
2179 1006 2258 1063 8·*

200 1067 400 1115 Partium
427 1061 699 1108 adfectatum
728 1059 980 1120 descriptio.
1050 1063 1231 1109 Darton
1264 1062 1523 1110 cellulosam
1550 1067 1688 1112 telam
1715 1065 1794 1113 effe
1824 1066 2006 1116 fatetur.
2074 1073 2260 1133 Hydro-

201 1133 293 1178 cele
313 1130 363 1176 in
386 1129 521 1174 variis
552 1123 745 1170 funiculi
775 1122 1028 1184 spermatici
1056 1128 1096 1172 &
1120 1126 1240 1173 testis
1266 1127 1536 1175 involucris.

330 1212 506 1270 EJUSD.
554 1208 626 1250 An
653 1222 834 1252 answer
853 1217 895 1252 to
920 1204 988 1252 the
1009 1207 1201 1254 remarks
1225 1226 1278 1254 on
1303 1226 1329 1254 a
1357 1210 1533 1270 trecitifi²
1564 1225 1677 1273 upon
1701 1209 1770 1257 the
1805 1211 2025 1272 hydrocele
2058 1215 2255 1265 London

207 1282 340 1334 1758.
364 1271 442 1326 8.*
508 1269 732 1330 Vaginam
763 1268 974 1316 vasorum
998 1269 1282 1319 seminali-um
1312 1274 1496 1320 mollem
1519 1273 1599 1321 effe
1626 1277 1667 1322 ὃς
1695 1275 1952 1324 cellulosam
1982 1281 2067 1327 ἃς.

334 1358 385 1402 G.
407 1355 595 1399 Antonio
616 1351 851 1399 VANuccl
878 1354 1066 1399 raccolta
1089 1353 1160 1400 dei
1171 1355 1406 1427 principali
1426 1355 1562 1416 effetti
1584 1357 1694 1403 della
1713 1371 1871 1405 cavata
1896 1359 1968 1405 del
1971 1362 2132 1424 shngue
2169 1365 2258 1411 Ge.

199 1434 320 1468 nova
346 1430 423 1475 175
439 1429 477 1473 5.
506 1414 585 1473 4*
651 1416 796 1475 Copia
814 1414 1046 1476 sanguinis
1066 1452 1077 1470 ,
1116 1420 1195 1478 qui
1219 1435 1267 1464 1n
1296 1420 1432 1466 variis
1458 1419 1724 1468 hominibus
1755 1424 1860 1470 dato
1886 1435 2088 1486 tempore
2108 1426 2162 1474 de
2181 1445 2257 1476 ve-

200 1501 259 1531 na
282 1480 421 1530 incisa
440 1479 632 1528 effluxit,
704 1480 868 1540 Aliqua
889 1481 943 1526 de
965 1494 1128 1528 natura
1155 1481 1365 1547 vasorum
1393 1482 1763 1545 sanguineorum.

326 1568 373 1619 J.
395 1562 576 1610 Andreae
601 1564 874 1609 HARNISCH
897 1579 983 1609 von
1009 1562 1302 1628 derSiiugung
1323 1565 1639 1629 neugebohrner
1662 1566 1830 1616 Kinder
1854 1569 2004 1631 Leipz.
2027 1582 2161 1631 1755.
2179 1571 2257 1627 3,*

200 1630 415 1678 Nutrices
446 1628 666 1674 matribus
698 1624 891 1687 praefert.

329 1716 388 1758 Le
393 1710 511 1770 sei-in
532 1708 583 1754 de
602 1713 779 1756 Canarie
797 1708 919 1754 Paris
942 1721 1074 1767 1755.
1107 1711 1285 1765 Poema‚
1307 1729 1402 1773 quo
1424 1715 1556 1774 plena
1575 1717 1760 1762 aviculae
1781 1714 1966 1763 historia
1980 1718 2260 1768 continetur.

333 1794 462 1838 L'art
490 1791 540 1837 de
561 1791 682 1850 faire
717 1790 789 1836 des
817 1806 1002 1851 gm‘fons
1037 1808 1090 1838 ou
1113 1809 1308 1840 nouveczu
1347 1794 1520 1842 tablean
1557 1798 1758 1858 conjugal
1783 1811 1870 1858 par
1901 1802 1972 1844 M.
2005 1803 2063 1845 D.
2098 1804 2169 1847 M.
2208 1801 2260 1848 de

202 1862 377 1918 Ilffontp.
411 1872 514 1902 cum
545 1855 708 1902 fictitio
739 1855 877 1900 titulo
903 1856 1184 1915 Montpelier
1210 1858 1259 1902 in
1283 1859 1527 1906 Germania
1558 1862 1727 1920 prodiit
1763 1873 1893 1918 1755.
1919 1860 1998 1915 8.*
2043 1871 2180 1921 1760.
2214 1873 2258 1919 8.

170 1923 174 1926 ’
202 1925 351 1970 ASTR.
389 1920 607 1978 Scriptori
626 1917 787 1977 scopus
812 1916 916 1971 fuit,
948 1918 1149 1965 deridere
1170 1922 1623 1976 MAUPERTUSIUM3
1664 1923 1739 1970 sed
1764 1926 1901 1971 nimis
1927 1938 2043 1972 certe
2060 1928 2262 1975 lubricus

176 1985 266 2059 hest
292 1985 393 2045 legi.
485 1981 674 2030 Refutat
703 1980 854 2039 semen
893 1983 1134 2036 muliebre,
1172 1997 1308 2045 negat
1335 1983 1536 2041 effundi,
1578 2000 1712 2049 negat
1747 2001 1920 2035 tantam
1959 1988 2040 2035 effe
2077 1989 2261 2039 feminae

207 2051 503 2108 voluptatem.
572 2047 861 2092 Vermiculos
891 2044 1123 2093 seminales
1147 2048 1196 2093 in
1224 2047 1317 2108 ipsa
1350 2067 1512 2097 venere
1545 2051 1693 2105 nasci,
1732 2055 1771 2099 ἃ
1804 2054 2029 2099 continuo
2056 2054 2260 2111 interire.

204 2114 291 2160 Pro
319 2113 432 2158 ovis.
502 2111 661 2158 Semen
693 2111 825 2155 maris
862 2126 938 2169 per
977 2110 1110 2158 tubas
1144 2112 1193 2157 in
1219 2114 1426 2160 ovarium
1456 2127 1642 2168 ventre,
1680 2118 1722 2162 ὃς
1751 2132 1827 2176 per
1859 2133 1994 2177 poros
2021 2119 2098 2165 ovi
2126 2136 2264 2180 pene.

208 2188 325 2223 trare
343 2210 357 2229 ‚
396 2190 591 2233 cumque
618 2175 713 2234 ejus
738 2174 911 2233 liquido
936 2172 1134 2227 misceri,
1169 2177 1291 2235 quod
1321 2176 1374 2224 fit
1406 2176 1556 2225 semen
1586 2179 1794 2233 feminae,
1832 2196 2027 2241 cumque
2054 2199 2107 2228 eo
2134 2181 2263 2231 effer-

206 2238 395 2287 vescere.
465 2239 625 2285 Fetum
651 2236 732 2283 effe
750 2238 912 2283 animal
940 2237 1236 2298 compositum
1264 2258 1319 2287 ex
1342 2253 1538 2302 utroque
1562 2242 1745 2297 semiue,
1784 2244 1920 2290 modo
1948 2245 2088 2299 hunc,
2122 2248 2261 2294 modo

207 2304 345 2350 alium
376 2313 524 2348 artum
547 2303 602 2348 ab
637 2301 748 2355 hoc,
788 2313 868 2347 aut
888 2301 944 2347 ab
970 2304 1047 2348 illo
1078 2316 1263 2363 parente
1290 2303 1580 2365 suppeditari.
1651 2310 1828 2367 Septem
1850 2310 1989 2355 unius
2018 2313 2154 2370 patris
2175 2310 2262 2358 filii

209 2365 442 2413 communi
474 2363 598 2426 signo
640 2366 836 2411 duorum
867 2363 1233 2413 conferventium
1267 2369 1514 2428 digitorum
1538 2371 1663 2430 pedis
1689 2375 1850 2418 notati.
1920 2373 1974 2418 In
2010 2378 2136 2419 omni
2160 2376 2263 2420 viro'

209 2432 324 2477 duos
356 2427 436 2475 effe
462 2430 591 2475 testes
628 2429 842 2488 inaequali
879 2430 1221 2489 magnitudine,
1267 2431 1374 2479 filiis
1412 2433 1682 2481 destinatum
1720 2436 1988 2496 generandis
2028 2439 2222 2496 priorem
2244 2472 2258 2491 ,

208 2496 403 2540 alterum
424 2491 619 2539 filiabus.
704 2492 860 2539 Sedem
887 2493 1138 2551 voluptatis
1172 2497 1213 2540 &
1250 2508 1428 2556 tempus
1459 2496 1540 2543 esse
1584 2499 1634 2544 in
1673 2500 1907 2558 apertione
1948 2502 2258 2554 valvularum.

210 2575 310 2618 quae
337 2556 488 2603 semen
509 2573 564 2602 ex
593 2554 795 2602 vesiculis
821 2554 1113 2604 seminalibus
1137 2559 1367 2607 emittunt.
1437 2562 1548 2608 Dari
1572 2560 1763 2610 feminas
1781 2597 1792 2616 ‚
1827 2579 1929 2623 quae
1965 2579 2046 2624 pro
2068 2561 2258 2611 arbitrio‘

210 2622 367 2668 norint
386 2621 597 2682 vaginam
626 2619 946 2680 constringere.
2250 2627 2252 2629 ·

485 2749 529 2808 §.
567 2751 880 2799 MCXLIX.
958 2751 1034 2798 Ad
1048 2752 1165 2800 litem
1187 2753 1238 2800 de
1266 2766 1431 2803 natura
1455 2755 1637 2816 infhnfili
1669 2756 1728 2814 &J
1761 2757 1985 2804 irritabili.

349 2848 543 2898 Urbanus
559 2850 806 2902 TOSETT1‚
825 2846 1086 2896 scholarum
1109 2852 1300 2911 piarum,
1327 2851 1496 2913 scripsit
1521 2855 1679 2901 Romae
1704 2866 1838 2912 1755.
1860 2852 1937 2900 fol.
1960 2854 2188 2915 epistolam
2207 2855 2269 2904 ad

216 2912 436 2974 Josephum
465 2915 858 2961 VALDAMBle.
948 2914 1003 2960 In
1030 2930 1080 2960 ea
1114 2914 1314 2962 recenset
1339 2919 1667 2977 experimenta,
1706 2934 1806 2976 quae
1832 2918 1882 2963 in
1920 2919 2035 2966 vivis
2073 2922 2260 2967 canibus

215 2975 337 3030 fecit,
372 2979 413 3023 &
435 2995 511 3038 per
537 2994 637 3039 quae
660 2977 876 3030 constitit,
910 2977 1118 3024 tendines
1135 3013 1147 3031 ‚
1186 2980 1500 3038 pericranium,
1530 2995 1677 3025 carere
1700 2979 1845 3034 sensu,
1883 2981 1993 3030 dum
2013 2985 2131 3032 cutis
2153 2985 2263 3031 acri-

218 3051 286 3088 ter
310 3038 543 3090 sentiebat.
608 3039 810 3091 Recusus
832 3042 893 3091 est
923 3043 974 3091 in
997 3058 1095 3091 mea
1118 3044 1383 3092 collectione
1411 3046 1453 3092 &
1482 3045 1532 3093 in
1562 3044 1908 3096 PETR1N1ANA.
2147 3081 2263 3129 Duae
