2531 3394
883 103 929 162 §-
967 113 1055 163 893
1092 131 1154 139 —-
1191 111 1298 164 895·
1367 105 1407 151 V
1445 106 1483 151 A
1516 105 1558 151 R
1591 108 1611 152 Ι
1647 107 1680 152 1·
2213 116 2299 165 153

311 246 314 254 “
389 234 565 295 Versuch
585 235 766 283 XXVI.
810 236 938 288 Ales,
974 246 1029 281 ut
1050 232 1259 284 videtur,
1281 239 1371 289 'pro
1396 229 1596 276 monstro
1629 229 1793 277 habita..

360 308 516 364 “Fetus
541 318 782 377 inaequales
798 351 810 370 ‚
848 331 1044 376 quorum
1075 315 1186 360 alter
1211 311 1436 358 minimus.
1460 313 1501 358 ἃ
1522 309 1833 371 ’ἰηῑρεῑΐεᾶυε.

346 392 347 396 “
379 399 507 444 Dens
539 397 942 457 comprehendens.

377 480 512 526 Fetus
540 479 754 525 ventralis
792 477 843 523 in
871 478 961 526 ovo
991 473 1088 522 suo‘.

377 560 567 607 Fabellae
599 560 651 605 de
679 558 946 617 multiparis.
1015 557 1166 602 Etiam
1197 555 1443 604 oetovfeeus
1464 572 1559 604 uno
1585 566 1717 617 partu
1747 555 1889 600 editos
1912 551 2007 600 esse.

713 691 758 749 ς.
794 692 1200 739 DCCCXCIV.
1299 697 1347 747 J.
1384 696 1572 755 Baptista
1606 694 1834 746 ΜΑΖιΝΙ,

375 800 876 866 Jatromathematicus‚
912 802 1064 848 minus
1091 803 1315 848 tamenin
1338 801 1429 849 suis
1457 801 1919 850 demonstratio-nibus
1945 799 2137 847 severus.
2206 798 2300 843 Bri-

248 870 411 916 xianus
430 902 442 920 ,
475 865 695 912 Profeffor
718 864 809 912 fuit
836 867 1097 912 Patavinus.

374 950 409 994 E
413 962 494 1008 jus
517 945 754 993 mechanica
776 946 1022 992 morborum
1054 947 1209 994 ParsI.
1227 948 1386 994 Brixiae
1408 959 1540 1004 1723.
1562 960 1606 1005 4.
1648 949 1752 994 Pars
1769 948 1831 994 ΙΙ.
1862 959 1996 1005 1725.
2018 958 2060 1002 4.
2095 945 2197 990 Pars
2216 942 2298 988 ΙΙΙ.

251 1025 386 1072 1727.
408 1025 453 1070 4.
489 1011 681 1071 prodiit,
721 1013 762 1056 &
793 1011 1051 1070 conjundtae
1082 1008 1340 1057 Offenbach
1373 1024 1507 1069 1731.
1528 1011 1614 1070 4*
1679 1013 1889 1057 Calculos
1919 1007 2074 1070 paffim
2105 1006 2300 1068 reperias

245 1076 437 1138 politos,
478 1078 518 1121 &
548 1073 703 1120 faciem
733 1072 1109 1120 mathematicam.
1181 1076 1319 1121 Firmi
1346 1075 1485 1135 quid,
1517 1088 1595 1121 aut
1625 1076 1747 1128 veri,
1784 1090 1972 1135 quaeras.

372 1158 445 1218 ΕΙ.
488 1154 742 1202 Meclmnica
765 1155 1167 1202 medicamentorum
1198 1157 1315 1201 Brix.
1352 1168 1486 1213 1734.
1515 1158 1592 1214 4*
1660 1158 1830 1215 Scopus
1861 1155 1922 1201 est
1955 1154 2176 1214 explicare
2196 1185 2208 1204 ‚
2245 1161 2301 1196 ut

246 1222 366 1269 inter
386 1220 707 1267 medicamenta
724 1219 999 1265 diversarum
1023 1217 1221 1265 claffium
1237 1218 1317 1265 suo
1341 1222 1556 1280 quodque
1570 1218 1726 1266 officio
1745 1218 1976 1280 fungatur,
2007 1219 2186 1264 urinam
2204 1232 2299 1260 mo-

246 1297 375 1337 veat,
406 1297 485 1330 aut
510 1281 717 1329 sudorem
742 1285 824 1341 &cf
894 1283 1135 1329 Prae-mittit
1160 1300 1265 1344 ergo
1290 1283 1472 1330 brevem
1497 1282 1676 1329 fabricae
1704 1285 1899 1344 partium
1922 1281 2151 1328 historiam
2172 1291 2182 1329 t
2223 1295 2297 1323 ex-

244 1348 534 1409 plicationem
569 1345 707 1406 ipsam
734 1363 759 1392 a
784 1348 1013 1406 particulis
1044 1347 1277 1406 triquetris
1296 1381 1309 1400 ,
1346 1346 1563 1393 ocstaedris
1579 1381 1594 1400 ‚
1628 1346 1818 1394 hamatis
1835 1380 1848 1400 ‚
1884 1346 2071 1405 aliisque
2097 1342 2260 1404 repetit
2281 1375 2299 1395 ,

243 1423 300 1459 ut
326 1412 462 1458 etiam
487 1411 583 1457 vim
613 1409 919 1470 adstringendi
951 1413 1034 1457 ἃς.
1068 1410 1118 1456 in
1146 1409 1292 1471 figura
1316 1411 1640 1469 particularum
1665 1411 1778 1472 poni
1805 1421 1951 1471 putet.

370 1493 492 1553 EJUS
532 1492 783 1549 ConjeEZzirae
815 1491 867 1536 de
893 1493 1175 1553 respiratione
1194 1492 1307 1553 fetus
1351 1493 1470 1537 Brix.
1501 1504 1634 1550 1737.
1666 1493 1782 1550 4.*;
1839 1494 1900 1539 Ut
1922 1489 2127 1537 ostendat
2153 1487 2297 1534 fetum

242 1569 394 1604 tamen
414 1554 651 1615 respirare,
690 1555 997 1614 experimenta
1019 1556 1258 1614 producit,
1298 1570 1374 1614 per
1404 1572 1503 1615 quae
1529 1555 1648 1602 fetus
1677 1573 1728 1601 eo
1753 1556 1943 1602 leviores
1985 1553 2095 1607 sint,
2142 1554 2191 1598 in
2229 1568 2296 1598 ea-

243 1621 346 1667 dem
374 1621 521 1673 mole,
557 1635 648 1678 quo
676 1618 938 1665 adultiores.
1007 1621 1189 1666 Pastum
1216 1619 1381 1678 repetit
1415 1635 1439 1665 a
1467 1618 1613 1678 figura
1643 1621 1763 1666 uteri
1795 1636 1850 1665 ex
1880 1617 2095 1677 sphaerica
2120 1619 2170 1663 in
2196 1617 2296 1661 lon-

241 1701 344 1744 gam
374 1694 571 1735 mutata,
608 1681 716 1728 hinc
753 1684 996 1742 capacitate
1026 1683 1146 1729 uteri
1171 1682 1428 1730 imminuta.
1496 1684 1819 1744 Experimenta
1856 1683 1992 1729 nimis
2026 1696 2168 1742 pauca
2193 1695 2295 1739 pro-

242 1748 392 1800 ducit,
433 1748 474 1793 &
501 1763 600 1806 quae
624 1746 760 1792 nimis
789 1744 916 1792 facile
942 1746 1113 1793 fallant.

369 1829 543 1888 EJUSD.
590 1829 872 1887 Institutiones
901 1827 1111 1874 medicinae
1135 1824 1375 1875 mechanica
1416 1829 1537 1875 Brix.
1564 1839 1699 1886 1739.
1721 1824 1806 1886 4*
1874 1828 2041 1875 Similis
2071 1826 2292 1888 priorum.

239 1892 466 1950 Principia
488 1890 566 1936 fibi
589 1888 726 1936 sumit
749 1892 1011 1944 arbitraria3
1058 1891 1293 1939 elasticum
1325 1909 1574 1939 nervorum
1606 1890 1817 1944 succum,
1851 1889 2020 1938 semina
2054 1900 2295 1951 parentum

240 1956 293 2004 in
314 1954 500 2016 speciem
531 1953 649 2000 fetus
673 1952 943 2000 subfidendo
967 1957 1258 2015 crystallizari.
1349 1957 1487 2003 Cibos
1510 1958 1557 2002 in
1583 1956 1839 2001 ventriculo
1870 1956 2012 2015 digeri
2037 1955 2090 2001 ab
2115 1953 2292 2014 angulis

240 2019 400 2066 salium
431 2016 550 2064 succi
582 2017 758 2079 gastrici
784 2021 865 2064 ἃς.
936 2019 1091 2066 Fibras
1119 2020 1292 2066 bonurn
1313 2018 1491 2066 sensum
1514 2018 1842 2080 repraesentare,
1878 2019 2059 2078 quando
2085 2016 2292 2063 homolo-

239 2099 292 2145 ge
315 2083 570 2129 tenduntur
597 2098 767 2128 omnes.
837 2083 985 2128 Dulce
1011 2082 1092 2129 effe
1113 2085 1203 2137 lac,
1242 2084 1366 2143 quod
1392 2085 1440 2129 in
1467 2085 1614 2130 ovatis
1644 2083 1868 2144 glandulis
1892 2082 2137 2144 ie'paretur.

365 2164 442 2226 EJ.
483 2167 620 2225 Opera
643 2169 783 2211 omnia
819 2148 938 2210 Brix.
966 2176 1101 2224 1743.
1126 2164 1208 2224 4.*

639 2290 683 2347 §-
720 2292 1090 2340 DCCCXCV.
1165 2297 1362 2355 Georgim
1394 2292 1552 2339 Daniel
1572 2293 1884 2347 Comnwm,

366 2399 584 2447 Professor
596 2399 817 2449 Hallenfis
833 2436 847 2454 ‚
883 2401 936 2448 de
962 2400 1077 2448 sedta
1095 2402 1392 2450 STAHLIANA
1409 2437 1422 2456 ‚
1457 2401 1625 2449 theatri
1657 2403 1707 2449 in
1730 2419 1778 2449 ea
1801 2402 2024 2450 academia
2047 2399 2290 2446 anatomici

237 2478 507 2526 promotor,
545 2477 756 2510 caeterum
787 2467 940 2518 iniis,
979 2483 1078 2525 quae
1105 2465 1184 2511 sibi
1217 2483 1338 2512 nova
1372 2467 1670 2520 videbantur,
1708 2483 1788 2526 pro
1818 2466 2044 2527 perpetuis
2073 2464 2288 2521 recipien-

239 2531 307 2574 dis
345 2529 627 2587 aliquantum
661 2544 869 2588 praeceps.
940 2529 1057 2589 Ejus
1091 2531 1232 2589 prima
1267 2531 1327 2575 est
1356 2531 1408 2575 de
1440 2531 1625 2577 vulvula&
1655 2535 1699 2577 in
1727 2531 1957 2577 ureteribus
1988 2528 2160 2590 repertas
2192 2522 2285 2570 diff.

236 2594 357 2640 Hall.
388 2603 516 2649 1723.
541 2591 638 2650 4.*‚
676 2593 729 2637 in,
754 2609 842 2650 qua
875 2593 1163 2639 dilatationes
1190 2607 1420 2639 ureterum
1447 2595 1675 2653 perpetuis
1695 2628 1709 2647 ,
1746 2597 1788 2640 &
1815 2596 1950 2654 plicas
1982 2595 2029 2637 in
2068 2603 2190 2649 parte
2219 2604 2287 2633 ar-

237 2658 353 2701 &ata
381 2655 593 2702 subnatas
622 2671 705 2715 pro
734 2659 849 2702 veris
878 2658 1071 2702 valvulis
1103 2655 1252 2704 habet.
1338 2658 1582 2718 Reperitur
1612 2661 1743 2705 etiam
1778 2659 1827 2703 in
1864 2657 2086 2704 Breslizuer
2113 2652 2285 2699 Summi.

239 2725 321 2770 Ver
341 2755 352 2765 .
376 2721 557 2766 XXlll.

314 2720 481 2860 sEJUS
514 2798 639 2858 Disp.
681 2800 733 2845 de
763 2801 1091 2861 dztffi'usctlivali
1116 2820 1229 2849 novo
1268 2805 1388 2850 Hall.
1418 2817 1548 2863 1724.
1576 2804 1653 2859 4*
1717 2805 1917 2849 Durium
1952 2798 2176 2845 salivalem
2212 2797 2284 2842 de-

235 2861 405 2922 scripsit
433 2867 474 2909 &
504 2864 740 2922 depinxit,
793 2866 871 2924 qui
911 2882 934 2911 a
965 2867 1174 2923 glandula
1209 2869 1454 2920 maxillari,
1492 2869 1789 2925 sublinguah,
1837 2866 2024 2923 aliisque
2059 2862 2283 2922 glandulis

235 2940 368 2973 natus
389 2961 402 2980 ,
437 2943 589 2973 arcum
618 2928 664 2972 in
693 2927 824 2974 dorso
851 2931 1018 2991 linguae
1045 2947 1185 2992 prope
1212 2932 1520 2994 epiglottidem
1541 2929 1730 2982 faceret,
1767 2945 1821 2975 ex
1849 2945 1939 2989 quo
1965 2943 2101 2989 porro
2122 2941 2284 2971 nume-

304 2991 446 3048 (sibl.
475 2993 610 3038 Anat.
647 2995 695 3038 T.
721 2997 805 3047 Ji.)
1438 2998 1471 3041 U
2198 2985 2282 3033 rosi
