2531 3394
641 121 690 182 §-
732 135 865 184 ¹139·
903 137 1039 188 1140.
1104 124 1426 176 MONROI
1473 123 1832 179 FRATRES.
2155 143 2254 194 499

198 253 410 304 vasorum
429 255 549 302 uteri
571 270 674 302 cum
706 258 922 318 placentae
944 256 1059 306 valis
1081 255 1137 304 fit
1159 255 1498 304 commercium.
1569 255 1703 303 Vidit
1725 257 1836 304 ostia
1860 274 2079 308 venarum
2098 261 2250 317 uteri,

198 320 366 382 quibus
389 317 511 384 quafi
536 322 742 368 valvulas
767 333 897 382 putat
922 323 1141 383 praeponi.
1209 323 1278 368 Ex
1308 321 1366 369 iis
1393 337 1491 368 cera
1513 321 1565 366 in
1587 319 1692 367 vasa
1715 323 1835 367 uteri
1862 322 2041 381 inpulsa
2063 326 2248 385 prodiit,

196 399 348 444 neque
374 395 528 430 tamen
554 385 605 430 in
638 385 891 444 placentam
933 383 1123 432 transiit.
1180 444 1183 446 μ
1205 385 1404 432 Arterias
1429 384 1548 431 vidit
1570 382 1846 444 serpentinas
1872 387 1989 433 uteri
2012 420 2026 440 ‚
2059 391 2099 436 &
2119 402 2251 449 putat

198 448 372 510 aliquas
400 450 539 494 etiam
568 449 797 509 placentas
820 450 1003 496 arterias
1028 449 1078 494 in
1097 460 1216 494 uteri
1241 447 1363 495 finus
1382 446 1425 494 se
1451 449 1698 495 inmittere.

324 530 502 590 EJUSD.
525 529 578 577 de
604 527 792 592 hydrope
818 528 926 590 disp.
947 528 1217 590 Edinburgh
1251 541 1383 588 1753.
1419 529 1494 584 8.*
1530 529 1692 576 deinde
1715 530 1763 576 in
1793 530 1959 577 librum
1984 530 2253 582 confirmata:

196 593 393 642 Londin.
423 606 557 651 1755.
589 597 662 647 8.*
709 609 812 640 cum
843 594 978 640 titulo
1016 611 1073 640 un
1111 593 1218 655 effay
1261 611 1313 640 on
1348 592 1420 642 the
1453 593 1610 655 dropsy
1642 594 1731 640 and
1758 599 1813 640 its
1848 595 2048 654 different
2077 595 2250 658 species.

194 659 265 705 De
296 658 431 704 variis
462 655 666 710 sedibus,
696 658 747 703 in
783 673 895 717 quas
928 673 1043 717 aqua
1073 656 1323 718 hydropica
1351 654 1618 705 effunditur.
1685 658 1799 704 Non
1833 672 1967 719 putat
2001 657 2104 707 vasa
2136 660 2250 721 lym-

196 720 377 783 phatica
409 721 573 781 rumpi.
643 721 698 766 ln
720 720 996 767 moribundo
1019 722 1203 781 pupillae
1228 722 1439 768 dilatatae.

324 801 575 850 Alexander
594 802 800 852 MONRO
828 802 923 861 Jun.
952 801 1002 848 in
1033 802 1191 848 eodem
1213 800 1357 864 Efficys
1382 800 1477 858 &a
1515 801 1715 861 primurn
1741 804 1832 863 agit
1861 802 1916 850 de
1943 802 2053 850 teste
2082 805 2126 851 &
2159 805 2252 865 epi..

194 866 442 927 didymide.
510 862 758 911 Vasculum
782 865 900 911 vidit
929 864 986 911 ab
1016 866 1322 926 epididymide
1351 865 1589 917 decedens.
1658 867 1913 915 Dubitabat
1938 883 1991 914 eo
2021 879 2246 929 tempore,

191 947 304 978 num
331 931 471 977 unico
499 931 537 976 is
563 926 798 975 funiculus
821 928 961 975 dudlu
993 927 1132 976 fieret.
1202 929 1286 977 Sed
1314 942 1433 975 certe
1460 929 1520 975 est
1547 931 1725 976 unicus.

322 1011 392 1058 Ad
417 1023 602 1058 uterum
625 1010 865 1072 gravidum
888 1010 1022 1056 idem.
1091 1010 1237 1056 Venae
1263 1010 1384 1057 uteri
1408 1010 1586 1071 gravidi
1603 1011 1851 1058 enormiter
1876 1013 2050 1073 amplae.
2120 1014 2249 1061 Arte-

188 1078 266 1123 riae
293 1074 577 1135 serpentinae.
645 1074 836 1121 Arteriae
868 1074 1031 1134 aliquae
1063 1074 1112 1120 in
1144 1071 1267 1122 finus
1298 1075 1418 1121 uteri
1452 1085 1632 1135 apertae.
1711 1075 1802 1122 Eos
1837 1075 1958 1123 sinus
1995 1092 2125 1125 veras
2164 1076 2251 1125 eise

190 1155 328 1187 venas
351 1140 572 1186 dilatatas.

316 1222 355 1268 E
356 1235 492 1282 JUSD.
533 1216 641 1265 Diss’.
669 1218 949 1279 inauguralis
972 1217 1024 1265 de
1042 1219 1202 1281 testibus
1230 1217 1289 1276 ἐξ
1300 1220 1462 1280 semine
1487 1223 1533 1267 in
1559 1221 1692 1267 variis
1717 1220 1965 1269 animalibus
2007 1223 2248 1284 Edinburg

192 1298 309 1345 1755
319 1304 337 1331 .“
359 1284 438 1339 8.*
505 1285 623 1329 Cum
654 1294 840 1343 argento
870 1283 979 1330 vivo
1007 1300 1062 1329 ex
1094 1285 1186 1331 alto
1218 1284 1332 1330 tubo
1358 1285 1407 1330 in
1432 1284 1786 1344 epididymidem
1811 1285 2050 1333 delabente
2073 1305 2122 1334 ea
2148 1286 2246 1335 vas-

187 1351 286 1396 cula
316 1345 589 1408 replevisset,
635 1344 792 1393 similia
825 1345 917 1394 fere
959 1363 1117 1394 eorum
1158 1346 1360 1401 invenit,
1413 1365 1514 1409 quae
1545 1364 1628 1409 ego
1659 1348 1788 1394 vidia
1831 1349 1881 1394 in
1919 1351 2056 1397 variis
2089 1364 2246 1398 autem

186 1412 456 1458 animalibus
486 1409 567 1457 has
597 1412 752 1457 illasve
792 1412 1029 1471 particulas
1061 1411 1280 1472 liquidius
1314 1410 1530 1472 expressas
1561 1413 1756 1458 invenit.
1846 1413 2097 1460 Proceffum
2128 1417 2245 1475 peri-

186 1476 326 1523 tonaei
353 1478 471 1522 reete
495 1491 520 1521 a
544 1475 708 1536 vagina
732 1473 944 1521 cellulosa
970 1475 1206 1522 distinxit:
1250 1473 1395 1522 fetum
1424 1474 1560 1522 testes
1587 1478 1636 1522 in
1668 1475 1910 1522 abdomine
1942 1476 2108 1524 habere
2135 1495 2244 1525 con-

185 1538 399 1588 firmavit.
469 1540 524 1586 In
560 1538 698 1585 variis
741 1537 1014 1586 animalibus
1053 1540 1212 1586 arteria
1237 1535 1501 1599 spermatica
1530 1537 1709 1586 inferne
1740 1537 1924 1586 latescit.
2000 1542 2141 1588 Nulla
2168 1559 2242 1603 pe-

185 1603 365 1651 culiaris
380 1603 644 1650 arteriarum
659 1618 762 1648 cum
780 1603 910 1650 venis
926 1602 988 1649 est
1002 1601 1306 1650 anastomosis.
1376 1605 1488 1650 Non
1509 1603 1641 1649 datur
1662 1619 1717 1648 ex
1742 1604 1916 1650 arteriis
1934 1604 1984 1650 in
1998 1605 2120 1652 testis
2137 1604 2243 1653 vasa

180 1665 435 1728 serpentina
470 1667 694 1726 liquorem
732 1666 973 1726 impellere.
1066 1668 1268 1715 Unicum
1307 1665 1540 1714 vasculum
1576 1664 1908 1726 epididymidis.
1975 1667 2241 1724 Mensurae.

180 1732 491 1792 plicarumque
522 1746 740 1776 numerus
764 1730 819 1776 ad
856 1744 907 1776 11
930 1744 1034 1778 100.
1103 1732 1218 1778 Retc
1255 1730 1376 1778 testis
1411 1734 1452 1778 &c
1482 1747 1632 1778 ramos
1665 1729 1919 1778 vasculosos
1958 1732 2142 1791 perinde
2170 1750 2240 1780 rea

183 1796 330 1855 perit,
366 1807 421 1842 ut
446 1811 547 1840 nos.
623 1792 870 1841 Vasculum
897 1795 1107 1842 aberrans
1138 1796 1188 1841 in
1219 1795 1379 1842 avibus
1415 1795 1466 1840 in
1498 1797 1653 1856 pedius
1690 1792 1830 1854 usque
1859 1794 2118 1855 persecutus
2160 1797 2238 1845 est.

182 1857 300 1905 Vasa
328 1857 600 1919 lymphatica
623 1856 823 1905 fasciculi
852 1856 1106 1917 spermatici
1129 1859 1177 1905 in
1202 1859 1475 1905 animalibus
1504 1858 1622 1905 vidit
1647 1858 1833 1917 repleri,
1873 1860 2056 1917 quando
2081 1877 2240 1921 argen-

182 1934 280 1968 tum
304 1925 463 1969 vivum
498 1934 624 1969 extra
648 1920 751 1968 vasa
777 1919 970 1969 effusum
991 1935 1099 1970 erat.
1171 1923 1424 1969 Vermiculi
1457 1919 1712 1982 spermatici
1732 1937 1838 1968 vera
1867 1921 1974 1970 sunt
2008 1923 2237 1972 animalia.

179 1987 316 2032 Bonae
341 1987 495 2033 icones
515 2020 528 2039 ,
567 1983 844 2046 potiffimum
870 2003 926 2032 ex
944 1985 1233 2034 animalibus.
1302 1987 1469 2046 Aliqua
1495 1985 1549 2032 de
1571 1984 1760 2046 piscium
1783 1984 1925 2033 vesica
1953 1994 2096 2042 aerea,
2131 1987 2243 2036 hinc

178 2050 233 2096 ab
264 2047 506 2112 oesophago
530 2049 718 2097 duelum
742 2048 939 2097 habente
956 2084 969 2104 ,
1005 2051 1111 2097 inde
1138 2052 1303 2098 cloacae
1327 2050 1508 2097 inserta.

308 2132 479 2193 EJHSD.
534 2135 603 2178 De
630 2132 745 2178 venis
771 2129 1035 2193 lymphaticis
1071 2131 1300 2190 valvultfis
1330 2129 1390 2187 ἓξ
1420 2147 1570 2179 earum
1599 2128 1860 2192 potzffi'mum
1889 2136 2053 2194 origine
2086 2135 2239 2182 Berlin

184 2206 320 2254 1757.
348 2198 423 2249 8.*
457 2193 680 2242 Lausann.
703 2201 837 2253 1761.
866 2203 907 2250 8.
947 2193 1064 2255 Lips.
1089 2208 1224 2255 1770.
1255 2202 1298 2250 8.
1368 2196 1432 2242 Ea
1467 2193 1570 2243 vasa
1608 2210 1756 2255 neque
1797 2212 1852 2241 ex
1885 2199 2059 2244 arteriis
2095 2201 2235 2253 oriri,

178 2275 326 2319 neque
353 2274 408 2304 ex
433 2259 589 2312 venis,
619 2257 695 2305 sed
721 2276 776 2305 ex
805 2257 1017 2305 cellulosa
1042 2261 1176 2306 unice
1203 2262 1290 2306 tela
1311 2278 1324 2312 3
1376 2275 1523 2320 neque
1550 2259 1776 2318 injectum
1813 2260 1863 2305 in
1882 2258 1986 2306 vasa
2014 2263 2149 2309 rubra
2182 2263 2236 2309 li-

179 2339 367 2383 quorem
403 2322 457 2368 in
490 2321 763 2382 lymphatica
789 2321 1004 2377 transire,
1052 2322 1134 2370 nisi
1174 2323 1410 2384 postquam
1445 2326 1493 2369 in
1522 2320 1734 2368 cellulosa
1770 2320 1912 2383 spatia
1949 2320 2117 2373 effusus
2154 2326 2234 2373 est.

178 2389 380 2433 Omnem
411 2384 651 2431 humorem
686 2387 941 2432 tenuiorem
984 2403 1061 2446 per
1096 2386 1198 2433 vasa
1235 2384 1468 2434 valvulosa
1508 2384 1785 2445 lymphatica
1815 2387 1865 2432 in
1898 2403 2036 2434 venas
2070 2390 2230 2437 redire.

177 2449 478 2496 Valvularum
509 2461 731 2507 receptam
769 2450 1020 2495 utilitatem
1056 2463 1216 2497 contra
1240 2449 1645 2498 HAMBERGERUM
1685 2447 1903 2498 defendit.
1971 2450 2091 2498 Vasa
2118 2454 2235 2513 lym-

174 2512 353 2574 phatica
376 2512 621 2560 ventriculi
645 2514 695 2558 in
717 2512 904 2558 ductum
931 2512 1211 2560 thoracicum
1248 2514 1475 2561 ducentia.

302 2595 378 2655 EJ.
419 2593 716 2651 Observations
751 2595 1012 2640 anatomical
1046 2594 1136 2640 and
1156 2593 1463 2658 plijfiological
1500 2594 1684 2643 wherein
1718 2597 1777 2642 D.
1804 2596 2065 2642 HUNTE⁷RS
2101 2596 2234 2643 claim

173 2670 217 2706 to
234 2657 348 2717 fizme
384 2657 629 2717 discoveries
655 2661 691 2702 is
728 2657 950 2703 examined
992 2658 1263 2719 Edinburgh
1284 2666 1418 2718 1758.
1451 2659 1529 2714 8.*
1597 2661 1667 2706 De
1712 2659 1911 2706 inventis
1947 2661 2193 2707 HUNTERI
2213 2694 2233 2714 „

174 2738 274 2782 quae
315 2720 400 2768 {int
435 2722 542 2767 anni
568 2731 702 2778 1752.
733 2723 773 2766 &
805 2721 968 2767 nostris
998 2723 1256 2781 nuperiora.
1343 2722 1692 2771 Resorbtionem
1730 2739 1785 2769 ex
1820 2721 2031 2769 cellulosa
2065 2726 2154 2770 tela
2185 2722 2237 2770 fit

174 2801 212 2831 a.
241 2798 375 2843 1757.
414 2785 464 2831 in
498 2783 662 2844 scripto
695 2784 902 2844 equidem
940 2785 1058 2845 typis
1093 2802 1187 2832 non
1213 2786 1361 2840 edito,
1398 2786 1566 2834 dixisse.
1634 2788 1720 2834 Pro
1748 2786 1882 2831 nobis
1918 2784 2129 2833 adversus
2157 2787 2228 2835 Cl.

172 2852 377 2894 Marcum
400 2852 660 2896 AKENSIDE
675 2882 688 2901 ,
731 2850 774 2895 &
798 2861 959 2897 contra
982 2847 1113 2897 series
1139 2847 1352 2897 vasorum
1373 2852 1627 2904 minorum.
1694 2850 1873 2897 DuCkus
1895 2851 2158 2898 lacrumales
2177 2851 2233 2899 in

173 2909 358 2959 homine
388 2910 469 2960 visi
495 2914 536 2961 &
563 2912 742 2976 depini.

1182 2994 1267 3044 Rr
1297 3011 1320 3044 r
1350 3007 1384 3047 a
2045 2994 2233 3055 ijsn»
