2531 3394
278 145 374 196 422
691 132 823 179 zm.
863 130 954 187 [Χ.
1023 122 1438 191 ANATOMEs
1474 122 1925 176 emmeno.

408 264 466 311 In
496 260 770 325 Chirurgiska
797 258 1017 318 hiindelser
1040 252 1244 303 anmiirkt
1267 258 1336 301 uti
1357 258 1413 307 K,
1440 259 1633 312 Lazaret
1668 238 1826 302 stokh.
1849 267 1984 316 1759.
2011 253 2090 312 8.*
2120 255 2211 304 huc
2243 257 2341 319 per:

282 331 436 378 tinent
465 328 772 389 experimenta
801 324 1051 394 tendinum·
1082 318 1247 379 absque
1281 320 1378 392 ullo
1411 317 1712 380 symptomate
1747 324 2125 390 compundtorum
2160 323 2201 368 &
2226 322 2340 370 inci-
2384 316 2386 322 ¹

282 393 469 441 sorum:
502 392 735 458 sanguinis
764 387 1077 449 exspirationis
1107 395 1312 444 tempore
1332 399 1383 430 in
1407 384 1642 430 cerebrum
1671 384 1875 431 nitentis.

415 477 471 523 In
495 479 538 523 S.
573 461 941 532 WetenfhJAcad.
972 464 1192 527 handling.
1225 478 1362 525 1757.
1391 465 1445 512 de
1468 467 1699 512 cataraCtae
1723 463 2016 527 depositione,
2050 464 2161 515 fuse.
2231 468 2343 515 Cor..
2409 444 2426 465 ·.

285 557 418 588 neam
443 540 647 587 tunicam
669 534 798 583 sensu
826 531 1046 595 destitui.»

417 623 585 669 Uterus
618 619 785 678 duplex
819 615 869 679 in
897 613 1085 659 muliere
1112 610 1312 658 detectus
1349 612 1392 658 &
1418 608 1536 658 obss.
1565 610 1831 665 illustratus,
1862 574 2025 660 Holnu
2048 618 2091 666 8.
2131 618 2264 670 1762.
2301 615 2345 660 &

287 687 338 734 in
368 690 450 734 Sw.
479 684 622 732 handl.
656 687 791 739 1761.

417 769 473 815 In
499 767 592 812 Aa.
611 768 725 811 Nat.
756 765 856 809 Cur.
889 760 980 812 Vol.
994 759 1123 806 VIII.
1152 755 1234 815 obfi
1256 762 1331 812 38.
1352 760 1379 771 Ἴ
1397 761 1445 812 J.
1468 756 1606 811 Jacob
1629 759 1989 807 ScnmssnssAcH
2016 755 2154 805 sudor
2181 757 2347 819 pedum

290 850 394 881 cum
421 832 563 878 fluore
592 828 693 874 albo
720 827 961 872 alternans.

423 911 516 971 obs.
537 924 614 971 49.
651 905 1022 955 Haemorrhoides
1045 903 1284 951 menstruae
1310 902 1361 948 in
1388 901 1438 948 in
1462 919 1605 963 puero
1634 902 1848 950 undecim
1872 919 2117 951 annorum.

418 994 483 1041 Ib.
511 997 558 1048 J.
583 991 730 1038 Adam
759 991 1024 1036 RAYMANN
1056 986 1110 1032 de
1135 984 1394 1032 lochiorum
1419 983 1691 1031 necestitate.

419 1080 467 1131 J.
501 1079 599 1122 Car.
632 1070 764 1125 Wilh,
790 1073 962 1125 Ossan
997 1067 1077 1128 obs]
1099 1074 1174 1122 68.
1211 1084 1261 1114 os
1286 1065 1451 1113 frontis
1480 1065 1789 1127 praecraffum:
1819 1083 1884 1113 os
1909 1064 2192 1114 cribriforme
2221 1067 2351 1115 aliter

293 1157 319 1187 a
341 1141 539 1187 naturali
565 1137 734 1184 fabrica
765 1134 1026 1182 formatum.

426 1219 631 1282 Christian
667 1216 851 1267 Gottlieb
874 1216 1041 1263 FREGE
1069 1213 1150 1273 obs]
1176 1220 1249 1268 86.
1293 1214 1418 1273 Apex
1446 1213 1613 1272 linguae
1645 1212 1776 1272 gustu
1803 1212 2070 1267 destitutus,
2109 1229 2213 1260 cum
2238 1215 2355 1261 mala

296 1284 492 1339 sinistra,
532 1297 586 1331 ut
608 1299 775 1335 nervus
804 1281 994 1342 quintus
1016 1278 1188 1325 sinister
1220 1275 1407 1338 paralysi
1438 1279 1583 1323 taikns
1612 1277 1692 1323 effe
1714 1277 1959 1324 videretur.

218 1422 222 1425 μ
421 1370 615 1427 Georgius
636 1363 882 1425 Christiania
909 1364 1200 1410 MATERNUS
1226 1359 1276 1406 de
1299 1358 1509 1406 CILANO‘
1525 1356 1641 1406 fetus
1669 1376 1773 1406 cum
1795 1358 1998 1413 duabuS,
2032 1371 2085 1407 ut
2103 1370 2250 1420 putat,
2281 1375 2355 1406 co-

297 1431 590 1492 tyledonibus
618 1430 752 1489 capiti
777 1428 978 1480 adnatis,
1017 1442 1072 1471 ex
1091 1425 1430 1486 imaginationis
1456 1434 1670 1470 maternae
1701 1424 1830 1470 vitio.

424 1513 500 1572 EJ.
538 1512 609 1557 De
635 1508 820 1556 brachio
840 1507 959 1555 fetus
979 1508 1028 1554 in
1049 1519 1181 1554 utero
1209 1505 1409 1553 resoluto
1436 1505 1517 1564 obs.
1546 1512 1620 1561 86.

421 1598 471 1660 J.
499 1589 1022 1654 christoph.SemrL1Nc
1037 1587 1173 1635 sudor
1191 1587 1466 1648 sanguineus
1480 1587 1577 1648 post
1600 1586 1913 1634 convulsivum
1942 1587 2152 1635 morbum
2174 1587 2256 1648 obsi
2276 1593 2355 1648 46.

423 1675 615 1736 Rudiger
639 1673 845 1721 frideric.
870 1674 1124 1720 OVELGUN
1152 1671 1201 1717 in
1227 1687 1328 1731 app.
1357 1669 1454 1718 fuse
1482 1670 1536 1717 de
1559 1672 1831 1731 pulmonum
1863 1671 2173 1731 experimento
2210 1672 2260 1718 in
2296 1673 2357 1718 le-

298 1742 387 1805 gali
415 1740 639 1787 medicina
661 1749 856 1798 recepto.

424 1823 480 1869 In
515 1822 570 1868 T.
588 1820 646 1867 II.
677 1819 744 1865 des
770 1817 1015 1880 Hamburg.
1051 1821 1288 1879 Magazins
1323 1815 1591 1863 describitur
1617 1816 1785 1876 duplex
1812 1817 1989 1877 gallinae
2019 1817 2231 1877 embryo,
2263 1816 2356 1864 duo

297 1904 457 1948 nempe
484 1887 649 1946 punCta
675 1884 803 1944 nigra
829 1883 879 1929 in
910 1899 1028 1936 ovo,
1066 1884 1167 1928 loco
1193 1881 1332 1927 unici.
1402 1881 1498 1934 (Ea
1534 1883 1702 1936 puncta
1735 1881 1968 1942 ignoro).

421 1967 489 2014 Ib.
518 1968 571 2013 T.
585 1967 666 2014 ΙΙΙ.
695 1966 845 2026 aliqua
871 1964 999 2012 addit
1027 1964 1080 2011 de
1104 1961 1360 2010 exclusione
1391 1964 1648 2022 pullorum,
1682 1980 1782 2022 quae
1809 1961 1934 2008 furni
1958 1979 2042 2021 ope
2063 1960 2131 2008 fit.
2200 1963 2270 2008 De
2289 1933 2357 2007 os.

297 2031 417 2079 sibus
449 2033 600 2090 magni
631 2031 837 2076 animalis
858 2026 1035 2076 effossis.
1102 2030 1173 2075 De
1199 2027 1377 2089 polypis
1407 2029 1448 2073 ἅ
1484 2025 1752 2074 difficultate
1777 2027 2219 2088 experimentorum,
2254 2041 2355 2086 quae

297 2098 348 2144 in
368 2096 423 2143 iis
442 2095 710 2142 animalibus
737 2092 875 2142 fiunt.

856 2221 903 2280 §-
947 2224 1127 2272 MXC.
1239 2226 1286 2277 J.
1320 2219 1542 2270 Friderich
1565 2223 1779 2275 MEKEL‚

427 2339 623 2388 Auditor
635 2338 798 2392 noster,
832 2339 938 2385 inde
949 2336 1168 2386 Professor
1180 2336 1493 2390 Berolinmsis,
1517 2354 1572 2383 ex
1589 2337 1743 2396 primis
1756 2333 1896 2395 hujus
1912 2332 2047 2381 seculi
2065 2333 2355 2390 incisoribus‚

298 2405 560 2455 nitidiffime
575 2402 861 2450 diffieillimas
876 2401 1280 2463 corporishumani
1292 2414 1454 2461 partes,
1470 2417 1647 2453 nervos,
1665 2400 1915 2446 extricavit.
1985 2401 2059 2460 EJ.
2092 2398 2356 2459 Disputatio

298 2469 580 2532 inauguralis
610 2467 661 2513 de
695 2471 846 2527 quinto
870 2480 979 2527 pare
1005 2483 1237 2512 nervorum
1275 2465 1437 2512 cerebri
1479 2467 1687 2525 Gotting.
1720 2470 1853 2522 1748.
1883 2462 1965 2522 4*
2014 2465 2149 2523 longe
2179 2462 2358 2523 superat

302 2552 402 2596 quae
432 2535 725 2580 V1EussEN11
759 2532 800 2576 ὃς
829 2533 1020 2576 aliorum
1048 2529 1267 2576 industria
1286 2531 1335 2576 in
1354 2530 1510 2589 capitis
1527 2529 1678 2576 nervis
1706 2528 1949 2574 detexerat.
2018 2525 2357 2573 Difficillimum

299 2614 563 2650 nervorum,
590 2599 633 2643 Sc
660 2611 737 2657 per
760 2596 933 2640 canales
965 2594 1103 2639 osseos
1132 2595 1393 2640 reconditos
1416 2594 1694 2645 tendentem,
1719 2590 2040 2638 accuratissime
2069 2588 2354 2650 persecutus,

299 2665 493 2724 plurima
532 2660 694 2722 partim
732 2674 855 2705 nova
888 2658 1090 2710 invenit,
1131 2659 1290 2717 partim
1334 2658 1383 2703 in
1418 2655 1723 2705 controversia
1747 2655 1890 2716 posita
1916 2657 1964 2701 in
1999 2656 2177 2714 plenam
2208 2654 2356 2697 lucem

301 2727 548 2773 constituit.
617 2725 824 2771 Nervum
856 2720 1183 2782 sympathicnm
1214 2737 1428 2782 magnum
1467 2720 1584 2767 nihil
1614 2739 1638 2768 a
1673 2737 1816 2766 nervo
1849 2717 2161 2778 ophthalmico
2191 2714 2355 2762 habere

301 2792 431 2850 plene
458 2789 625 2840 evicit;
676 2786 750 2833 sed
779 2803 802 2831 a
822 2786 1022 2831 Vidiano
1049 2785 1208 2844 utique
1237 2802 1410 2830 ramum
1434 2786 1482 2830 in
1509 2787 1706 2831 canalem
1736 2783 1999 2832 cerenicum,
2034 2782 2073 2826 &
2099 2779 2152 2825 ad
2180 2777 2354 2839 sympa-

299 2853 473 2900 thicum
491 2868 704 2913 magnum
727 2850 822 2896 dari
848 2850 1050 2902 invenit,
1092 2849 1221 2908 cujus
1239 2850 1347 2894 alter
1361 2848 1563 2895 surculus
1577 2864 1681 2894 cum
1703 2846 2007 2905 septimiparis
2034 2844 2148 2890 duro
2162 2845 2354 2889 ramoin

301 2918 416 2962 rima
448 2917 740 2975 aquaeductus
771 2914 1091 2961 communicat.
1185 2913 1268 2958 Sed
1302 2913 1432 2957 etiam
1461 2914 1657 2971 reliquos
1687 2925 1852 2955 nervos
1877 2908 2045 2964 Quinti
2073 2907 2191 2968 paris
2225 2923 2356 2953 accu-

301 2991 394 3027 rate
413 2979 723 3042 persequitur,
759 2980 958 3027 ramulos
978 2978 1190 3026 minimos
1217 2991 1272 3023 ex
1301 2974 1609 3036 ophthalmico
1643 2973 1826 3037 ganglio
1851 2972 1907 3019 ad
1925 2970 2203 3023 scleroticam
2231 2970 2354 3017 tuni-

2257 3049 2370 3107 9³¹²}
