2531 3394
425 131 649 193 §.1225-
693 137 833 186 1226.
897 125 1286 182 MARHERR.
1352 132 1999 188 DISPUTATIONES.
2158 147 2257 202 627

245 328 274 359 ,κ
307 263 428 375 SAlb.
444 269 582 312 Henr.
599 266 910 313 ENGELBERT
927 283 1017 313 van
1032 266 1288 314 BAUCHEM
1309 264 1361 312 de
1387 269 1606 312 aeconomia
1614 264 1728 326 fetus
1748 271 1942 316 naturali
1973 270 2093 318 Leid.
2115 276 2250 331 1766.

196 338 240 387 4⁴.
338 342 460 376 ΑΜ).

325 410 434 458 Abr.
459 412 738 460 WALKERT
766 411 818 459 de
843 410 1035 471 consenfii
1067 409 1191 456 Leid.
1214 415 1349 468 1766.
1385 423 1429 469 4.
1469 411 1627 460 ΒΑΜ).

321 491 420 550 joh.
447 498 563 539 Dav.
587 491 946 542 BARTHELEMY
978 491 1029 537 de
1051 493 1216 553 patella
1244 489 1321 553 offiv
1350 494 1509 554 ejusque
1533 492 1747 551 laefionibus
1771 491 1829 550 ἓξ
1858 500 2075 543 curatione
2119 497 2248 545 Lem,

199 563 335 615 1766.
363 570 408 615 4.
446 560 601 606 SAND.

319 640 362 701 J.
384 640 658 686 CLARKSEN
688 637 741 684 de
768 637 995 684 mulierum
1022 638 1233 698 menstrua
1261 635 1559 697 consuetudine
1592 639 1719 687 Leid.
1748 645 1883 698 1766.
1914 651 1958 699 4.
1995 643 2151 688 SAND.

326 735 537 785 Gualther
562 737 875 784 VERSCHUER
912 735 963 782 de
992 740 1259 782 arteriarum
1288 735 1346 792 &³
1374 754 1582 784 venarum
1609 743 1658 785 vi
1685 739 1896 786 irritabili
1924 740 2084 800 ejusque
2108 743 2152 786 in
2172 758 2252 786 va-

182 800 240 860 fis
269 819 368 848 exce
401 819 454 854 u,
492 799 551 856 ἓξ
571 801 669 847 inde
693 801 880 847 oriunda
900 800 1121 862 sanguinis
1148 801 1376 846 direetione
1402 801 1597 848 abnormi
1628 803 1855 864 Groning.
1878 809 2012 861 1766.
2042 802 2123 861 4.*
2155 804 2251 850 Ple·

190 881 383 924 rumque
407 862 526 910 ferro
553 862 658 910 rasae
686 865 861 911 arteriae
899 864 956 910 ad
991 880 1088 909 eam
1127 865 1427 910 irritationem
1462 863 1607 912 surdae
1636 865 1827 913 fuerunt
1847 901 1859 921 ‚
1913 882 2250 926 nonnunquam

189 940 343 974 tamen
368 926 410 974 se
435 940 778 974 contraxerunt.
846 926 964 973 Vasa
988 928 1099 973 adeo
1131 929 1270 973 etiarn
1299 927 1471 988 aliquid
1500 929 1554 975 ad
1579 930 1821 978 circuitum
1846 931 1993 977 cordis
2014 929 2248 984 conferre,

190 1008 338 1053 neque
364 1008 461 1038 eam
481 989 620 1038 solius
644 991 792 1038 cordis
818 991 1044 1037 actionem
1066 989 1163 1037 effe.

315 1094 378 1136 H.
395 1107 420 1136 a
433 1090 693 1138 BACHIENE
717 1087 812 1136 diff.
834 1089 885 1136 de
891 1088 1124 1148 secretione
1134 1089 1250 1136 laetis
1264 1094 1310 1137 in
1331 1091 1518 1138 mammis
1531 1091 1802 1140 muliebribus
1828 1091 2023 1142 Utrecht
2040 1099 2130 1152 176
2131 1099 2161 1140 6
2164 1128 2174 1140 .
2201 1105 2248 1152 4.

319 1192 368 1243 J.
393 1186 579 1235 Henrich
604 1189 810 1235 STOLTE
834 1187 886 1234 de
910 1199 1045 1234 morte
1062 1187 1357 1250 suspensorum
1393 1191 1620 1253 Groning.
1647 1197 1781 1251 1766.
1811 1195 1887 1252 4.*
1921 1194 2029 1241 Fere
2055 1195 2104 1240 in
2119 1193 2249 1240 ROB-

191 1266 443 1302 DERERUM
466 1268 478 1298 2
514 1262 707 1297 mortem
735 1249 1050 1311 suspensorum
1073 1268 1172 1298 non
1204 1252 1284 1298 eise
1312 1256 1658 1314 apoplefflcam‚
1695 1255 1771 1302 sed
1804 1258 2023 1317 impedito
2047 1274 2125 1316 per
2150 1258 2249 1317 pul-

188 1332 347 1364 mones
373 1314 604 1375 sanguinis
631 1315 843 1361 circuitui
865 1315 1084 1375 imputari
1109 1316 1281 1364 debere.
1352 1318 1407 1363 In
1434 1320 1622 1366 canibus
1650 1320 1935 1382 strangulatis
1965 1322 2137 1367 nullam
2169 1321 2248 1367 ali-

189 1381 319 1441 cujus
347 1380 568 1424 momenti
589 1376 820 1439 sanguinis
843 1379 895 1425 in
921 1379 1156 1425 cerebrum
1183 1380 1522 1442 congestionem
1548 1381 1591 1428 se
1615 1382 1794 1438 vidisse,
1831 1383 1905 1430 sed
1933 1387 1981 1430 in
2004 1386 2249 1445 pulmones

188 1446 231 1489 &
259 1444 309 1489 in
334 1458 472 1489 venas
500 1443 662 1502 utique
690 1458 898 1489 cruorem
927 1443 1096 1504 colligi.
1164 1443 1355 1490 Perinde
1385 1447 1530 1505 perire
1559 1448 1770 1494 animalia
1788 1482 1799 1501 ,
1835 1446 1868 1494 si
1887 1446 2025 1494 solam
2046 1445 2245 1508 asperam·

186 1507 395 1553 arteriam
424 1506 730 1567 interceperis.
821 1505 1103 1567 Aethiopum
1135 1508 1366 1555 cerebrum
1395 1510 1598 1569 ejusdem
1628 1528 1730 1557 cum
1758 1513 2090 1571 Europaeorum
2127 1527 2245 1557 cere-

183 1571 267 1617 bro
291 1570 456 1618 coloris
481 1568 576 1616 effe.
643 1571 868 1617 Foramen
887 1572 1018 1618 ovale
1047 1582 1254 1632 apertum
1282 1585 1477 1620 mortem
1498 1572 1692 1634 suspenfi
1714 1592 1808 1621 non
1832 1575 1913 1622 effe
1943 1587 2185 1622 moratum.

315 1673 466 1716 Franc.
497 1668 673 1716 Gabriel
697 1671 1082 1718 SCHOENMEZEL
1115 1669 1168 1717 de
1181 1671 1363 1730 seflione
1391 1677 1634 1720 anatomica
1665 1678 1710 1721 in
1735 1674 2010 1722 cadaveribus
2043 1674 2096 1721 de
2121 1683 2244 1721 auto-

182 1732 341 1781 elyeiria
358 1732 551 1794 suspekiu
584 1733 793 1780 Heidelb.
818 1740 954 1792 1766.
984 1730 1080 1793 4*

309 1815 384 1874 EJ.
421 1829 571 1873 progr.
596 1813 650 1860 de
674 1813 835 1861 viribm
862 1814 1064 1862 vitalibus
1096 1814 1158 1863 ib.
1185 1827 1321 1875 1771.
1358 1819 1436 1877 4.*

315 1894 481 1940 Fricler.
508 1892 730 1956 Christoph.
761 1897 1089 1944 OETTlNGER
1116 1899 1159 1944 &
1186 1898 1369 1946 MOSER
1388 1899 1439 1945 de
1465 1912 1565 1946 ortu
1593 1899 1784 1946 dentium
1807 1899 2238 1962 &symptomatihun

183 1976 268 2019 quie
292 1963 408 2005 circa
432 1958 704 2005 dentitionem
732 1959 945 2020 infhtntum
976 1973 1207 2008 occurrunt
1252 1963 1452 2024 Tubing.
1481 1976 1615 2021 1770.
1650 1967 1728 2022 4*
1796 1967 1965 2012 Omnis
1999 1967 2239 2026 cartilago,

183 2026 225 2068 &
251 2038 386 2068 omne
416 2037 466 2067 os
484 2055 495 2074 ,
532 2038 587 2067 ex
620 2023 816 2082 gelatina
844 2022 1056 2071 consistit.
1126 2026 1181 2071 In
1207 2025 1420 2073 dentibus
1451 2025 1569 2073 fetus
1588 2026 1721 2075 facies
1744 2028 1934 2076 interior
1950 2046 2129 2076 coronae
2150 2030 2240 2091 pri-

182 2102 255 2131 ma
281 2083 477 2132 durescit
494 2119 506 2138 ,
543 2086 653 2132 dum
678 2088 875 2133 exterior
901 2088 1079 2141 mollis,
1118 2091 1160 2134 ὃς
1188 2090 1395 2150 gelatinae
1425 2089 1577 2137 similis
1605 2091 1681 2137 est.
1745 2104 1749 2106 ’

310 2167 387 2227 EJ.
425 2170 494 2214 De
518 2171 566 2213 vi
593 2172 817 2229 corporum
841 2170 1182 2231 organisatorum
1203 2170 1492 2229 affimilatrice
1527 2173 1729 2234 Tubing.
1756 2180 1892 2232 1766.
1930 2175 2005 2234 4.*

310 2249 386 2308 EJ.
425 2250 466 2294 &
488 2249 644 2295 REUSS
674 2248 725 2295 de
752 2249 858 2296 Ιαὲἱε
888 2251 1062 2312 caprillo
1093 2251 1298 2299 medicato
1337 2254 1538 2315 Tubing.
1566 2261 1702 2312 1769.
1738 2255 1818 2314 4*

316 2326 524 2390 Chrtstoph
548 2329 716 2377 Frider.
741 2331 958 2380 SCHOTT
991 2333 1044 2380 de
1064 2339 1284 2381 anatomia
1309 2334 1368 2391 ἐξ
1394 2338 1483 2394 ejus
1512 2334 1668 2383 honore
1686 2340 1827 2383 oratio
1862 2337 1981 2385 Tub.
2004 2342 2139 2396 1766.
2154 2336 2235 2397 4.*

309 2427 427 2474 Frid.
462 2426 594 2475 Wilh.
616 2430 892 2477 TAFINGER
915 2435 1056 2480 oratio
1075 2431 1129 2479 de
1158 2438 1398 2481 anatomico
1427 2436 1597 2496 ejusque
1616 2434 1772 2484 honore
1801 2437 2005 2497 Tubing.
2029 2442 2162 2494 1766.
2189 2449 2233 2495 4.
2279 2415 2285 2418 ⁵

179 2589 226 2636 H
254 2590 286 2636 H
313 2524 493 2637 Thogigas
515 2527 686 2623 Ludov.
713 2529 879 2577 STUVE
912 2529 965 2576 de
996 2529 1074 2589 usu
1107 2549 1340 2578 nervorum
1383 2534 1553 2595 telaeque
1589 2535 1788 2595 cellulosae
1819 2534 1943 2597 praes.
1983 2537 2232 2583 BUCHNER

229 2606 252 2636 a
290 2626 301 2637 .
328 2603 385 2648 17
454 2627 465 2638 .
501 2603 548 2650 4.

300 2672 456 2720 Bened.
487 2670 690 2734 Christian
715 2672 901 2722 VOGEL
933 2673 986 2719 de
1010 2678 1212 2737 regimine
1230 2678 1512 2738 secretionum
1552 2678 1612 2736 ἓξ
1650 2683 1938 2727 excretionum
1992 2679 2234 2728 Helmstatt

182 2741 317 2793 1766.
355 2748 402 2795 4.

181 2879 222 2926 G
277 2817 703 2928 ‘fcar‘ldFridericm
730 2818 983 2915 ³{REHFELD
1030 2821 1083 2868 de
1111 2823 1315 2885 partibus
1347 2824 1692 2886 constituentibus
1730 2823 1954 2871 humorum
1994 2827 2232 2888 nostrorum

225 2895 290 2926 rei
312 2895 410 2928 swa
463 2917 474 2929 .
504 2888 640 2940 1766.
675 2895 720 2941 4.

304 2961 379 3022 EJ.
412 2959 700 3016 &ScHQLZE
722 2964 774 3013 de
776 2963 866 3027 fitu
878 2965 999 3029 fetus
1020 2970 1065 3016 in
1083 2978 1205 3016 utero
1224 2980 1431 3081 ἴέαίεφὲτῗ(
1453 2968 1744 3018 Greifswald.
1771 2981 1906 3031 1770.
1926 2983 1970 3032 4.
1999 2956 2230 3019 *Holmicc

1463 3044 1492 3081 2
2018 3053 2158 3098 pueri-1
2169 3053 2225 3090 m,
