2531 3394
310 162 399 212 552
707 122 841 196 rin.
885 148 976 194 ιχ.
1042 138 1460 193 ANATOMES
1504 120 1948 187 PERFECTI'O.

431 284 479 335 J.
509 278 697 327 Friederss
723 280 916 326 Gnunn
947 276 1001 323 ele
1019 275 1248 334 secretione
1292 269 1499 330 Gotting.
1529 274 1662 327 1758.
1696 267 1774 326 4*
1838 268 2042 315 Multum
2083 267 2245 314 tribuit
2284 265 2350 313 di-

306 342 443 392 versa:
473 344 633 405 organi
656 341 884 390 secretotii
907 357 932 386 a
966 338 1100 386 corde
1130 336 1378 388 distantiae,
1417 349 1518 393 quae
1545 331 1576 378 fi
1615 332 1762 392 major
1792 328 1954 384 fuerit,
1986 330 2178 379 viscidos
2213 330 2351 377 faciat

305 407 534 456 humores.
603 408 852 454 Plurimum
888 405 1022 450 etiam
1055 402 1201 447 valere
1236 399 1481 445 diametros
1505 395 1618 442 vasis
1649 393 1878 441 secretorii
1915 394 2140 442 diversas:
2187 394 2353 441 humo-

304 488 402 521 tem
440 472 759 532 primigenium
799 467 998 515 definitae
1037 464 1204 510 indolis
1227 497 1238 515 ‚
1287 460 1599 508 adtrahentem
1640 457 1854 504 humores
1880 455 2074 510 ssmiles,
2108 457 2352 505 densitates

311 535 471 583 varias.
560 533 720 580 Clafl‘es
744 532 988 579 humorum
1019 527 1128 574 facit
1158 524 1379 579 diversas,
1416 540 1586 584 aqueos
1612 522 1851 575 humores,
1887 519 2185 582 saponaceos,
2223 519 2354 569 visci>-

307 600 417 653 dos‚
454 599 673 659 pingues,
707 592 1010 657 gelatinosos,
1045 590 1243 651 spiritus.
1304 606 1307 607 ⁷

433 685 579 728 Petrus
606 681 927 725 LUCHTMANS
961 674 1011 720 de
1024 671 1241 734 fizporibus
1277 667 1335 725 ἓξ
1359 670 1479 731 gustu
1514 667 1638 715 Leid.
1664 674 1799 727 1758.
1820 666 1901 727 4.*
1945 666 2218 714 Omittimus
2241 664 2353 726 phy-

305 743 406 793 fica.
477 742 605 790 Acria
634 741 843 801 quztdam
875 740 924 784 in
949 749 1049 784 toto
1075 753 1152 782 ore
1178 733 1380 795 saporem
1409 731 1542 779 suum
1561 732 1817 792 inprimere.
1885 732 2074 791 Linguae
2094 729 2350 789 descriptio.

305 809 496 868 Papillae
521 809 718 852 minores
748 802 853 849 facit
877 804 917 847 ἃ
948 801 1170 847 minimas.
1248 795 1368 842 Vasa
1399 799 1440 843 &
1466 795 1623 848 nervi,
1653 812 1781 842 venae
1817 798 1857 842 ἃ
1891 795 2117 856 glandulae
2151 792 2353 840 salival&

306 871 520 919 breviter.
589 869 813 916 Globulos
843 863 1116 925 sanguineos
1146 873 1273 923 putat
1295 877 1398 907 vere
1424 860 1474 906 in
1497 860 1697 905 minores
1717 860 1931 920 globulos
1961 857 2202 905 discedere.

437 954 512 1013 EJ.
552 954 701 999 Oratio
730 948 781 994 de
807 947 1051 993 anatomicis
1060 944 1193 1004 fieculi
1212 936 1390 990 XV'IH.
1425 941 1688 1007 incrementis
1724 939 1918 988 Utreclat
1942 946 2075 998 1760.
2106 951 2151 998 4.

431 1031 656 1080 Mattheus
680 1049 724 1076 v.
746 1031 917 1077 GEUNS
953 1027 1004 1073 de
1039 1043 1082 1073 eo
1105 1024 1220 1086 quod
1242 1028 1378 1070 vitam
1406 1024 1621 1083 constituit
1640 1027 1685 1068 in
1710 1023 2086 1083 corpore‘animali
2124 1021 2354 1082 dzsqmfitio

309 1097 580 1147 Amsterdam
606 1102 738 1152 1758.
764 1096 841 1152 4*
907 1093 1082 1138 Omnes
1110 1101 1254 1149 partes
1281 1088 1481 1147 corporis
1511 1085 1728 1138 humani,
1766 1086 1897 1131 etiam
1923 1084 2178 1131 cellulosam
2204 1087 2354 1140 telam,

309 1161 591 1209 contra&iles
631 1157 725 1204 effe.
819 1156 872 1203 Id
898 1171 994 1201 non
1034 1155 1298 1212 negavimus
1318 1186 1331 1205 ‚
1388 1163 1568 1196 tantum
1597 1161 1650 1195 ut
1678 1166 1732 1195 ex
1760 1147 1853 1195 sola
1884 1148 1998 1196 fibra
2029 1147 2269 1195 musculari
2298 1150 2357 1195 ir-

307 1227 440 1273 ritata
478 1224 727 1270 contractio
768 1218 1010 1280 conspicua
1051 1215 1277 1276 sequatur.
1376 1215 1548 1260 Totum
1597 1211 1687 1259 fere
1730 1229 1892 1273 corpus
1932 1229 1986 1258 ex
2023 1212 2234 1259 cellulosa
2268 1214 2357 1258 tela

309 1287 538 1338 constitui.
609 1287 860 1345 Aliquanto
886 1285 984 1343 plus
1007 1281 1167 1327 tribuit
1192 1278 1456 1324 arteriarum
1484 1277 1798 1323 contraCtioni.
1867 1277 2016 1322 Etiam
2048 1292 2212 1323 nervos
2246 1292 2354 1322 con-

306 1354 500 1401 trucstiles
531 1348 624 1396 effe.
695 1350 854 1395 Motus
882 1347 1039 1392 vitales
1069 1341 1236 1402 absque
1260 1343 1411 1387 nervis
1438 1357 1534 1386 non
1561 1339 1679 1400 poffe
1702 1338 1886 1399 perfici3
1921 1340 2007 1385 hoc
2034 1352 2192 1386 contra
2222 1356 2354 1398 expe-

305 1418 566 1465 rimentum.
637 1413 847 1472 Denique
871 1422 1024 1455 motus
1046 1407 1249 1466 corporis
1269 1405 1475 1451 animalis
1510 1420 1607 1449 non
1633 1421 1658 1449 a
1683 1416 1833 1449 mente
1859 1404 1999 1456 oriri,
2035 1405 2347 1464 plurimosque

309 1495 413 1526 vere
440 1477 520 1527 esse
542 1479 591 1524 in
611 1494 667 1522 eo
690 1491 905 1535 corpore,
936 1473 992 1519 ad
1023 1483 1220 1516 mentem
1246 1485 1342 1515 non
1361 1469 1669 1529 pertinentes,
1698 1479 1855 1514 contra
1876 1468 2224 1514 XWHYTTIUM.

431 1561 486 1606 In
506 1561 560 1609 T.
583 1558 689 1604 VII.
729 1554 1090 1614 Verhandelingen
1119 1552 1196 1598 der
1226 1551 1340 1597 ΗΘΒ.
1379 1548 1675 1611 moatschappy
1715 1550 1786 1596 ID„
1817 1546 1964 1595 fetum
1999 1547 2240 1602 describit,
2276 1549 2352 1595 cui

306 1625 614 1676 ventriculus,
650 1620 862 1667 intestina
894 1621 935 1664 ἅ
965 1617 1102 1677 hepar
1125 1617 1174 1661 in
1201 1617 1353 1674 peetus
1386 1612 1718 1660 adscenderant.

433 1706 488 1751 In
508 1706 563 1751 T.
578 1704 663 1750 IX.
690 1703 735 1748 P.
752 1702 834 1747 111.
877 1700 1076 1747 Puellam
1103 1697 1240 1742 vulva
1257 1694 1493 1748 destituta,
1524 1694 1689 1755 vagina
1710 1696 1760 1741 in
1785 1693 1977 1742 veficam
2009 1707 2177 1756 aperta.
2247 1695 2355 1742 Sex-

306 1782 379 1818 tus
416 1770 584 1830 digitus
614 1765 705 1814 suis
727 1764 970 1811 instrudtus
993 1763 1157 1808 nervis.

432 1851 486 1897 In
521 1849 673 1895 T.X1.
709 1848 763 1893 de
792 1845 1007 1905 impedita
1033 1841 1333 1903 deglutitione
1360 1851 1572 1887 anatome
1602 1840 1733 1901 gulae.
1801 1840 1992 1886 Nullam
2033 1838 2130 1885 dari
2165 1838 2357 1900 glandu-

307 1915 397 1960 lam
426 1914 632 1959 VESALH
652 1945 665 1965 ‚
697 1927 778 1971 pro
804 1926 851 1955 re
877 1924 1012 1954 nova.

431 1996 555 2039 Aime‘
578 1995 869 2041 MATTfflEu
900 1990 950 2036 de
973 1989 1112 2035 nervzk
1148 1991 1193 2033 in
1211 2003 1390 2048 genere,
1423 1984 1641 2031 accedente
1663 1985 1698 2031 Ι.
1731 1985 1898 2031 11.111.2
1926 1986 1968 2031 &
1999 1984 2081 2031 IV.
2106 1985 2227 2046 paris
2257 2001 2375 2030 nera-⁴

307 2074 461 2104 vorum
488 2058 758 2118 defiriptifme
790 2054 910 2101 Leid.
933 2058 1066 2111 1758.
1092 2051 1172 2109 4.*
1238 2051 1444 2096 Nervum
1479 2066 1501 2094 a
1534 2050 1679 2108 primo
1704 2064 1809 2108 pare
1831 2065 1908 2108 per
1931 2046 2134 2094 foramen
2169 2044 2355 2093 cribrofi

311 2120 415 2168 offis
446 2119 628 2167 tranlire
647 2153 658 2172 ‚
692 2122 731 2165 &
754 2135 855 2165 cum
877 2118 1041 2178 quinto
1072 2131 1174 2175 pare
1199 2113 1340 2163 tmiri.
1409 2112 1665 2159 Secundum
1686 2113 1820 2158 etiam
1852 2129 1876 2157 a
1901 2115 2082 2172 gemino
2104 2123 2258 2156 centro
2282 2109 2355 2156 su-

309 2184 447 2232 binde
478 2182 624 2236 nasci‚
663 2186 701 2229 ἃ
726 2183 872 2230 dextri
901 2182 1071 2239 aliquas
1099 2177 1236 2225 fibras
1260 2192 1363 2223 cum
1393 2174 1565 2221 sinistro
1592 2174 1780 2221 misceri.
1847 2176 1998 2234 Negat
2024 2176 2200 2220 tunicas
2231 2174 2354 2220 oculi

310 2266 335 2295 a
360 2249 489 2294 nervi
507 2248 754 2292 involucris
781 2247 903 2291 oriri.
974 2243 1204 2299 Quintum
1246 2257 1332 2300 par·
1359 2240 1507 2298 aliqua
1541 2237 1610 2284 sui
1643 2250 1768 2298 parte
1795 2253 1851 2283 ex
1881 2238 2146 2297 corporibus
2176 2237 2358 2283 olivari-

310 2312 396 2357 bus
427 2313 468 2357 ἃ
498 2310 851 2370 pyramidalibus
876 2303 1138 2369 provenisse.
1205 2305 1522 2363 Temporalem
1549 2318 1727 2348 ramum
1751 2317 1849 2347 non
1874 2299 2045 2361 semper
2069 2301 2226 2347 eodem
2259 2316 2357 2346 mo-

311 2376 370 2422 do
395 2375 648 2436 provenire.

414 2445 608 2501 ‘i'Arnold
631 2452 743 2501 Guil.
764 2454 979 2499 MARCUS
1011 2452 1063 2498 de
1081 2450 1258 2512 fabrica
1284 2445 1343 2504 &j
1366 2445 1589 2494 ustionibus
1609 2446 1842 2493 ventriculi
1874 2445 1997 2493 Leid.
2021 2458 2103 2505 175
2115 2453 2155 2501 8.
2184 2443 2269 2504 4*

442 2536 599 2583 Albert
619 2535 861 2581 VERRYST
895 2532 945 2577 de
975 2533 1252 2593 respiratione
1284 2528 1408 2577 Leid.
1433 2534 1565 2586 1758.
1594 2528 1675 2585 4*
1729 2526 1999 2574 Cellulosam
2026 2527 2238 2574 fabricam
2257 2526 2356 2585 pul-

310 2603 460 2649 monis
487 2616 582 2646 non
609 2596 689 2644 effe
716 2598 947 2655 vulgarem
973 2595 1252 2647 cellulosam,
1289 2595 1330 2639 ἃ
1354 2592 1409 2637 ab
1444 2591 1598 2652 aspera
1620 2592 1781 2638 arteria
1813 2591 2085 2638 continuari.
2154 2592 2237 2636 Pro
2270 2604 2352 2633 no-

311 2668 397 2713 stra
421 2666 473 2711 de
497 2663 638 2723 spatio
667 2659 895 2707 thoracico
924 2660 964 2704 &
991 2657 1201 2705 musculis
1228 2655 1591 2704 intercostalibus
1617 2653 1854 2701 sententia.
1943 2655 2054 2700 Non
2090 2663 2227 2714 putat
2255 2649 2355 2698 san-

311 2731 500 2791 guinem
520 2729 573 2773 in·
597 2726 810 2786 pulmone
839 2719 1086 2782 frigescere.

440 2812 486 2863 J.
511 2811 633 2854 Petri
657 2807 957 2853 KLEFECKER
986 2801 1036 2848 de
1062 2799 1202 2847 halitu
1223 2799 1457 2860 pericerdii
1491 2800 1614 2846 Leid.
1640 2805 1773 2857 1758.
1806 2795 1892 2855 42*

443 2887 613 2934 Alherti
635 2887 779 2933 GUEX
810 2885 860 2930 de
879 2882 1111 2931 humoribus
1133 2881 1248 2927 wellis
1271 2884 1312 2925 in
1323 2881 1443 2939 statu
1459 2880 1568 2938 sano
1597 2879 1861 2938 confidercttb‘s
1894 2875 2015 2924 Leid‘.
2047 2883 2178 2935 1758.
2209 2875 2292 2936 4.*

442 2968 617 3018 Δάνὶιιη,
634 2968 902 3021 HQEMANN
930 2965 983 3014 de.
1004 2975 1111 3013 ortu
1127 2959 1184 3020 ὅ
1206 2965 1460 3011 incremento
1471 2962 1593 3023 fietus
1623 2959 1807 3008 humani
1829 2958 1952 3007 Leid.
1975 2964 2109 3020 1758.
2130 2960 2208 3017 4.*

2185 3044 2232 3096 J.
2247 3044 2354 3097 Jaa
