2531 3394
669 116 715 176 ς,
759 130 880 179 11¹7
916 146 976 154 --
1010 95 1146 178 nte.
1213 118 1462 184 JANKE.
1530 106 1833 181 LsIGNAC.
2182 138 2277 192 469

355 247 618 297 Natat-lictae
640 249 767 297 wirth
786 249 1005 312 clmfcliche
1034 250 1348 312 Belustigungen
1378 250 1457 298 der
1483 254 1636 299 Bienen
1679 254 1862 317 Leipzig
1889 269 2019 317 1751.
2049 267 2091 315 8.
2150 263 2271 324 Lego

225 326 481 365 accuratum
507 312 587 360 effe
617 312 909 374 scriptorem.

353 413 483 462 Della.
500 424 635 459 morte
660 425 890 474 apparente
913 413 1027 475 degli
1050 413 1227 459 animali
1250 430 1334 460 non
1360 413 1612 475 dipendente
1634 415 1691 462 da
1719 417 1936 472 malcum,
1973 438 1993 466 e
2014 429 2202 471 maniera
2228 425 2275 472 di

213 476 472 536 foccorrerli
490 513 498 528 ,
537 479 690 523 lettera
716 477 873 523 medico
899 482 1071 538 pratica
1093 478 1252 536 scritta
1282 478 1385 523 d'un
1414 483 1548 525 amico
1594 481 1783 527 Genova
1814 495 1940 540 ¹751.
1969 489 2042 542 4*
2110 491 2275 535 Αυέὶο-

224 557 319 587 rem
350 542 512 598 ignoro
530 574 542 594 ,
579 557 658 600 qui
684 542 823 586 multa
849 539 1003 586 similia
1034 540 1169 587 habet
1195 541 1477 594 nostrorum,
1514 555 1567 589 ut
1594 544 1647 589 de
1677 543 1807 590 caula
1838 563 1938 605 quae
1964 546 2086 602 facit,
2122 563 2174 595 ut
2200 568 2275 597 ne-

224 621 311 664 que
339 603 684 664 exspirationem
712 604 1000 656 diuturnam,
1031 621 1181 663 neque
1211 603 1555 663 inspirationem
1590 605 1704 653 ferre
1747 607 1976 668 poffimus.
2048 614 2277 660 Caeterum

222 668 384 728 scopus
422 669 463 713 ei
487 667 605 720 fuit,
645 673 801 712 Lucam
838 669 1169 719 MARTiNUm..
1218 667 1503 715 Nosodochii
1531 673 1700 717 Sanctae
1729 674 1887 718 Mariae
1918 690 2050 721 novae
2087 676 2276 723 Chirur-

222 748 358 791 gum,
393 729 658 782 defendere,
692 731 771 790 qui
786 731 920 777 variis
951 731 1122 784 modis,
1159 733 1293 777 etiam
1318 731 1645 780 traclicotomia
1673 737 1714 780 &
1740 734 1897 783 inflato
1924 741 2158 797 pulmone,
2181 738 2275 788 fru-

222 796 307 842 stra
329 808 520 842 conatus
541 794 602 840 cst
631 792 860 840 hominem
892 795 1147 848 restituere,
1184 798 1316 856 quem
1348 813 1433 843 ova
1462 796 1576 844 dura
1602 798 1818 846 devorata
1841 800 2239 863 strangulaverant.

354 895 521 955 D1EGO
543 893 592 938 de
604 895 812 941 ToRm-:s
836 894 1171 940 VILLARAVEL
1199 893 1252 940 de
1275 895 1318 940 la
1343 901 1562 942 anatomia
1585 897 1637 943 de
1665 899 1766 946 todo
1802 899 1842 946 lo
1869 900 2012 960 visible
2028 919 2061 962 y
2090 902 2278 963 invisible

168 1020 175 1024 ι
223 958 279 1004 T.
296 958 331 1015 1,
369 960 599 1005 Salmanca
621 971 754 1016 1751.
785 964 826 1011 8.
873 958 989 1004 CAP.
1014 959 1068 1003 de
1094 959 1240 1004 V1LL.
1277 957 1309 1004 si
1334 957 1425 1005 huc
1451 957 1572 1007 facit.

579 1086 626 1143 ς.
661 1089 713 1135 Μ
730 1086 934 1133 CXIX.
1001 1085 1152 1149 Joseph
1177 1087 1332 1135 Albert
1354 1089 1397 1136 la
1426 1090 1606 1139 LANDE
1628 1092 1679 1139 de
1698 1095 1912 1145 L1GNAc.

352 1185 560 1232 Oratorii
584 1183 830 1244 presbyter,
861 1184 1164 1231 REAUMURH
1183 1188 1368 1239 amicus,
1395 1190 1551 1234 auctor
1570 1189 1631 1235 est
1654 1207 1819 1239 novem
1836 1195 2141 1248 voluminum,
2175 1212 2276 1257 quae

224 1267 327 1297 eum
370 1250 507 1295 titulo
543 1253 706 1294 Lettres
744 1250 769 1292 ά
806 1265 863 1293 nn
887 1251 1136 1295 Americain
1184 1267 1238 1295 ur
1282 1249 1478 1311 l'hzstoire
1524 1257 1732 1301 naturelle
1771 1257 1823 1302 de
1857 1263 1950 1304 Mr.
1983 1260 2035 1304 de
2065 1261 2271 1309 BUFFON

224 1315 278 1360 T.
307 1314 341 1359 Ι.
368 1313 422 1357 11.
451 1313 530 1358 111.
561 1312 643 1358 IV.
666 1312 724 1357 V.
761 1312 1003 1371 Hamburg
1033 1325 1166 1370 1751.
1196 1311 1300 1360 12*
1326 1315 1609 1373 prodierunt.
1679 1320 1876 1379 Epistola
1908 1320 2032 1369 sexta
2073 1325 2188 1369 tomi
2213 1324 2274 1371 ΙΙ.

223 1374 432 1424 adversus
460 1377 707 1423 BUFFONII
745 1376 797 1420 de
831 1376 1121 1435 generatione
1154 1375 1426 1437 hypothesin
1453 1393 1641 1441 pugnat.
1711 1385 1930 1432 Modulos
1958 1389 2147 1432 omnino
2178 1404 2277 1433 non

219 1438 337 1501 poffe
357 1440 564 1499 intelligi.
607 1442 611 1446 ’
636 1437 825 1485 Causam
852 1440 906 1485 ab
932 1441 1180 1487 BUFFONII
1206 1440 1443 1501 hypothefi
1471 1443 1636 1498 abeffe,
1674 1463 1773 1506 quae
1795 1451 2015 1496 elementa
2034 1451 2277 1497 oculorum

221 1504 399 1550 aurium
426 1505 507 1549 διο.
535 1501 625 1549 suis
650 1505 758 1549 locis
783 1503 974 1563 adaptet.
1045 1505 1157 1550 Non
1182 1505 1261 1551 effe
1288 1506 1573 1561 animalcula,
1612 1527 1711 1569 quae
1728 1528 1783 1558 ex
1796 1513 2032 1575 ustilagine
2051 1513 2274 1562 frumenti

220 1566 482 1614 nascuntur.
551 1568 986 1616 DAURENTONJUM
1014 1566 1091 1613 sua
1115 1568 1297 1615 consilia
1330 1570 1384 1615 de
1407 1569 1638 1619 servandis
1674 1576 1722 1620 in
1749 1574 1907 1634 spiritu
1938 1578 2211 1625 animalibuS
2249 1595 2275 1625 a

227 1633 546 1679 REAumualo
589 1629 770 1676 habere.
864 1632 918 1676 ln
951 1632 1004 1677 T.
1030 1632 1110 1677 IV.
1148 1633 1228 1692 Ep.
1257 1645 1300 1679 2.
1344 1648 1502 1681 contra
1542 1639 1889 1687 NEEDHAMUM
1943 1639 1985 1687 se
2029 1643 2274 1688 convertit.

220 1695 333 1756 Ejus
357 1696 603 1756 potentiam
632 1694 959 1754 productricem
976 1693 1056 1740 effe
1068 1699 1289 1742 occultam
1308 1696 1582 1746 facultatem.
1651 1705 1960 1756 Animal-cula,
1997 1722 2097 1765 quae
2109 1707 2170 1752 N.
2194 1723 2277 1766 pu-

220 1772 289 1807 tat
322 1776 377 1805 ex
411 1757 555 1804 farina
578 1756 725 1811 nasci,
757 1761 914 1818 utique
943 1776 997 1804 ex
1024 1767 1122 1805 aere
1145 1758 1370 1807 acceffiffe.
1456 1764 1777 1823 Experimenta
1809 1768 1897 1814 viri
1927 1767 2017 1815 suis
2045 1786 2141 1815 non
2167 1786 2277 1816 con-

222 1822 401 1870 sentire.
470 1824 582 1868 Non
611 1822 754 1868 videri
782 1824 1035 1881 plantarum
1062 1836 1206 1882 partes
1232 1824 1281 1870 in
1305 1826 1569 1873 animalium
1601 1843 1746 1887 partes
1774 1829 1890 1890 poffe
1922 1833 2060 1879 abire.
2128 1834 2277 1880 Meta-

222 1886 402 1948 phyfica
423 1887 588 1946 aliqua,
614 1884 717 1944 satis
743 1885 799 1931 ad
822 1884 998 1932 sensum
1026 1888 1297 1934 BERKLEYI.
1366 1890 1420 1936 In
1445 1892 1714 1938 animalibus
1743 1892 1843 1940 vasa
1867 1897 2073 1943 utriusve
2099 1898 2276 1957 generis

224 1967 321 1997 non
344 1950 461 2011 poffe
490 1953 539 1995 in
566 1950 652 1996 alia
678 1946 781 1996 vasa
801 1950 953 1995 evolvi
976 1952 1303 2010 &germinare,
1340 1966 1394 1999 ut
1418 1955 1598 2013 quidem
1628 1958 1676 2001 in
1700 1959 1867 2016 plantis
1886 1958 1954 2006 fic.
2023 1959 2276 2007 Neceffario

220 2032 314 2061 una
355 2016 396 2060 &
433 2014 616 2060 arterias
659 2011 795 2060 factas
837 2012 963 2059 fuisse
996 2016 1038 2060 &
1065 2032 1230 2068 venas,
1276 2033 1380 2062 cum
1418 2034 1578 2065 neutra
1610 2018 1775 2080 specics
1815 2021 1979 2083 ubsque
2016 2026 2153 2072 altera
2190 2023 2272 2071 esse

222 2076 370 2139 poffit.
439 2079 510 2125 Sic
537 2079 578 2124 ἃ
604 2076 771 2124 viscera
802 2079 843 2123 &
872 2094 1037 2124 nervos
1065 2095 1156 2125 una
1185 2079 1407 2127 exstitifle.

348 2179 403 2225 T.
421 2177 503 2223 VI.
529 2177 633 2223 VII.
661 2177 790 2222 vm.
813 2178 903 2223 IX..
935 2177 1207 2239 Hambourg
1230 2186 1365 2238 1756.
1396 2178 1501 2228 12*
1543 2183 1652 2231 Suas
1676 2185 1879 2245 epistolas
1896 2205 1992 2235 non
2014 2186 2093 2236 effe
2111 2190 2275 2237 REAU-

226 2257 380 2292 MURII
413 2258 539 2301 opus.
610 2242 731 2287 Male
758 2242 1059 2287 BUFFONIUM
1089 2241 1272 2296 docere,
1313 2245 1570 2292 mechanica
1593 2249 1848 2298 necestitate
1875 2270 1898 2298 a
1924 2251 2054 2300 sensu
2083 2271 2276 2300 nervum

224 2309 287 2354 ita
319 2305 631 2358 determinari,
676 2316 729 2350 ut
759 2318 932 2350 certum
965 2317 1142 2351 motum
1176 2308 1409 2366 producat.
1496 2310 1744 2359 Cerebrum
1792 2332 1888 2362 non
1923 2316 2087 2363 sentire
2120 2319 2276 2376 imagi-

224 2387 328 2417 nem
369 2367 449 2414 vifi
486 2368 701 2427 corporis.
770 2367 1013 2414 Mirificam
1057 2368 1137 2414 effe
1177 2372 1428 2420 BUFFONn
1465 2372 1795 2430 adsertionem,
1835 2397 1999 2440 corpus
2039 2380 2156 2440 poffe
2199 2381 2277 2427 fibi

219 2434 290 2482 sui
303 2431 534 2481 conscium
548 2430 640 2477 effe.
712 2432 932 2477 Animalia
955 2449 1049 2478 non
1072 2431 1153 2478 effe
1174 2434 1400 2482 machinas
1421 2454 1431 2481 :
1475 2437 1657 2498 vestigia
1679 2439 1987 2489 sensationum
2007 2443 2087 2490 ess'e
2115 2461 2272 2504 corpo-

224 2516 314 2545 rea.
385 2499 498 2543 Non
525 2510 682 2540 omnes
713 2496 853 2541 animi
893 2493 1093 2542 adfeci-us
1124 2497 1173 2542 in
1203 2515 1389 2558 corpore
1423 2499 1571 2547 sedem
1601 2502 1799 2557 habere3
1848 2521 1965 2553 certe
1998 2524 2093 2552 non
2123 2505 2274 2567 super-

226 2564 363 2609 biam.
433 2563 550 2606 Aves
568 2558 701 2603 nidos
723 2556 1057 2604 aedificantnon
1070 2559 1252 2607 edoctae.
1323 2563 1625 2612 BUFFONIUM
1649 2581 1976 2616 contemtorem
2003 2568 2277 2616 insectorum

230 2629 320 2673 late
350 2635 581 2685 patentem
598 2620 870 2681 hypothelin
900 2623 1038 2668 unico
1057 2656 1069 2674 ,
1106 2640 1252 2683 neque
1271 2640 1419 2680 certo,
1456 2629 1729 2678 animalculo
1757 2631 2101 2692 superstruxifle.
2156 2638 2273 2693 Apes

228 2691 408 2736 cellulas
432 2688 486 2732 ad
516 2683 796 2746 propositum
822 2683 1007 2744 scopum
1035 2686 1213 2733 struere.
1282 2692 1463 2737 Metum
1489 2695 1680 2753 gallinae,
1706 2698 1926 2757 privignis
1951 2698 2159 2744 anatibus
2183 2696 2278 2744 fru-

227 2754 314 2800 stra
335 2751 555 2803 timentis,
580 2766 676 2795 non
700 2748 780 2794 ess'e
810 2748 1136 2796 mechanicum.
1205 2754 1275 2799 De
1298 2755 1447 2801 anima
1473 2755 1714 2804 brutorum
1741 2760 1905 2806 dubius
1936 2760 2025 2806 est:
2077 2762 2277 2807 animam

230 2833 372 2863 erucae
399 2816 558 2874 utique
592 2815 641 2859 in
671 2829 858 2872 corpore
891 2813 1133 2872 papilionis
1159 2817 1579 2883 peregrinamfore.
1649 2823 1835 2869 Vermes
1866 2822 2066 2870 diffcdlos
2099 2825 2148 2871 in
2180 2823 2272 2871 suis

231 2880 546 2937 experimentis
567 2876 753 2923 conflari
786 2877 835 2922 in
859 2892 977 2922 nova
1000 2878 1222 2925 animalia.
1291 2882 1542 2928 Moleculas
1570 2887 1802 2944 organicas
1843 2903 1948 2933 vera
1983 2887 2063 2934 effe
2093 2888 2279 2934 animal-

231 2943 345 2991 cula.
391 2943 438 2990 Si
462 2943 681 2989 elementa
704 2956 951 2988 nervorum
966 2943 1161 2990 animata
1189 2941 1323 2991 facias
1349 2947 1388 2990 &
1407 2947 1583 2992 ratione
1610 2949 1822 3008 praedita,
1853 2967 2091 3012 nunquam
2122 2965 2280 3000 tamen

1335 3009 1433 3056 Nn
1466 3025 1499 3055 n
1535 3021 1558 3066 3
2225 3015 2276 3062 in
