2531 3394
557 90 602 149 §.
644 102 763 151 1279
798 97 1034 146 —⁴1281.
1104 86 1640 140 BLUMENBACH.
1685 74 1941 154 ‘VARIL
2177 106 2271 154 709

215 226 366 288 guinis
390 223 624 285 putridum
655 225 893 270 alcalinum
924 221 1002 275 fit,
1039 221 1210 268 amittit
1247 221 1342 267 vim
1374 220 1584 267 coeundi.
1653 222 1781 281 Aqua
1813 234 1907 270 tota
1943 223 2133 271 abducta
2171 241 2270 272 cor-

213 285 352 336 neum
382 288 491 348 quid
514 288 745 348 relinquit.
824 288 1045 333 Gelatiuae
1074 283 1386 344 phaenomena.
1457 286 1794 344 Liquor‘amnii
1827 286 2019 335 viscidus
2039 322 2050 341 ‚
2085 289 2138 334 ab
2168 296 2268 335 ae're

212 352 529 413 cougulabilis‚
569 368 664 397 non
691 354 754 397 ita
779 350 962 410 quando
988 347 1191 395 vetustus
1220 346 1298 393 est.
1365 348 1522 408 Vapor
1548 347 1743 408 aquosus
1768 351 1961 409 pleurae‚
2003 353 2263 412 peritonaei,

211 417 483 468 ventriculi,
520 415 718 468 cerebri,
740 415 945 474 cogitur,
983 411 1117 456 etiam
1145 408 1318 471 sponte.
1386 412 1598 471 Synoviae
1634 411 1960 472 pliaenomena3
1997 416 2176 477 cogitur
2209 418 2265 462 ab
2331 465 2335 469 ,

212 480 342 526 acido
362 514 374 533 ,
411 478 603 525 solvitur
631 497 655 524 a
679 476 765 524 sale
793 476 919 521 alcali
951 474 1141 520 volatili.
1210 474 1414 535 Lympha
1435 474 1646 523 vasorum
1676 476 1860 522 fluidior
1892 478 1966 530 est,
2000 496 2134 538 quam
2153 482 2267 539 lym-

213 543 302 603 pha
326 542 586 603 sanguinis,
625 553 784 588 caetera
810 537 979 586 fimilis.
1045 539 1214 584 Mucus
1240 540 1415 599 gummi
1449 537 1604 586 similis
1623 573 1636 593 ,
1684 539 1740 585 ab
1769 547 1868 586 aere
1890 539 2080 588 solvitur
2098 577 2111 595 ‚
2145 544 2266 604 cogi.

212 619 288 653 tur
310 623 335 653 a
363 605 522 667 spiritu
552 605 664 652 vini.

339 688 452 734 MIN
461 699 610 733 V1LLE
641 696 700 730 tr.
731 683 782 730 de
809 684 1018 731 medecina»
1046 683 1368 746 therapeutique
1395 681 1454 740 ἐξ
1470 688 1677 746 pratique
1703 688 1868 732 extrait
1893 684 1965 732 des
1983 702 2191 748 ouvrages
2213 688 2264 736 de

210 753 421 799 BORDEU
475 750 596 796 Paris
621 761 755 806 1774.
790 760 861 793 12.
901 765 956 794 ex
995 747 1090 808 ipso
1119 750 1169 800 Β,
1203 760 1440 808 excerptus
1477 750 1519 795 &
1547 765 1602 794 ex
1626 746 1823 794 adseclis.
1894 749 2092 809 Systema
2119 754 2265 812 epiga-

209 815 407 861 stricurn.
481 813 695 872 Corporis
722 810 881 858 divifio
906 813 955 858 in
988 812 1098 858 duas
1120 824 1268 873 partes
1290 813 1498 872 aequales.
1567 812 1804 858 Aetionem
1833 815 2030 873 partium
2062 816 2266 877 corporis

209 878 401 924 humani
421 876 694 936 periodicam
725 874 821 922 effe.

339 960 614 1018 DUJAamN
649 954 812 1017 histoire
844 956 896 1002 sle
921 957 963 1003 la
986 955 1198 1018 chirurgie
1224 958 1279 1003 T.
1293 957 1329 1003 I.
1377 956 1499 1004 Paris
1527 968 1663 1017 1774.
1697 954 1779 1016 4.*
1842 959 2005 1019 Aliqua
2032 958 2263 1009 occasione

208 1022 407 1082 antiquae
433 1021 672 1081 chirurgiae
694 1021 1010 1073 intercedunt,
1047 1019 1138 1066 huc
1165 1018 1391 1067 facientia.

334 1105 538 1150 AUBLET
568 1103 616 1147 in
632 1102 813 1162 plantes‘
831 1100 883 1147 de
911 1101 953 1147 la
985 1104 1163 1161 Guyane
1191 1102 1324 1147 Tom.
1342 1102 1400 1148 11.
1443 1102 1564 1149 Paris
1586 1113 1722 1162 1774.
1751 1100 1837 1162 4.*
1899 1105 1970 1151 De
1995 1104 2266 1156 hominibus

207 1183 263 1213 ex
285 1168 398 1213 albis
427 1168 468 1212 ἃ
498 1164 797 1224 Aethiopibus
828 1164 984 1212 mistis.
1052 1165 1208 1211 Tertia
1235 1167 1467 1225 generatio
1496 1166 1596 1212 alba
1624 1167 1700 1214 est.

334 1249 414 1293 DU
439 1247 653 1292 VERGER
692 1250 900 1292 Memoire
927 1246 1008 1304 sur
1044 1247 1101 1292 les
1135 1264 1301 1305 moyem
1330 1247 1382 1293 de
1418 1252 1684 1295 reconnoitre
1706 1249 1763 1294 les
1799 1262 2069 1314 contrecoups
2109 1254 2263 1302 Tours

211 1323 346 1369 1774.
377 1308 455 1363 8.*
522 1311 602 1355 Per
631 1307 980 1355 decuffationem
1004 1309 1223 1357 fibrarum
1246 1345 1260 1364 2
1299 1327 1399 1371 quae
1430 1310 1484 1359 fit
1519 1313 1569 1359 in
1593 1313 1820 1374 principio
1841 1316 2036 1363 medulla
2060 1316 2259 1379 spinalis,

206 1375 395 1435 exponit
420 1370 639 1434 paralyses
663 1374 811 1420 lateris
835 1374 1012 1421 alterni.

808 1470 853 1528 §.
892 1473 943 1519 Μ
958 1472 995 1520 C
1010 1473 1048 1520 C
1059 1472 1095 1520 L
1108 1473 1158 1520 X
1171 1474 1219 1520 X
1231 1475 1278 1524 X
1289 1472 1326 1521 Ι.
1438 1478 1654 1524 Germani.

332 1573 379 1623 J.
403 1571 541 1630 Georg
562 1570 758 1616 SULZER
792 1565 973 1629 Versuch
996 1574 1112 1616 einer
1136 1568 1515 1633 Naturgefhhichte
1536 1572 1608 1618 des
1627 1573 1847 1634 Hamsters
1881 1575 2138 1638 Gottingen
2163 1579 2259 1626 und

203 1631 360 1679 Gotha
384 1645 516 1691 1774.
548 1632 627 1685 8.*
696 1637 915 1679 Accurata
941 1647 1152 1680 anatome
1179 1636 1385 1682 animalis
1411 1636 1578 1682 Gothae
1603 1636 1908 1697 vulgatiffimi.
1990 1642 2075 1687 Pro
2106 1644 2258 1690 lubitu

124 1706 127 1708 “
203 1697 371 1742 animal
397 1696 526 1743 testes
554 1695 727 1742 sursum
754 1699 944 1743 revellit.
1017 1698 1206 1744 Clitoris
1235 1697 1325 1745 fere
1358 1701 1462 1759 peni
1486 1701 1686 1759 aequalis.
1767 1703 1948 1748 Caecum
1990 1704 2259 1752 intestinum

204 1760 384 1806 duobus
410 1762 676 1806 ventriculis
707 1763 891 1819 aequale.
959 1762 1079 1807 Irato
1107 1763 1293 1808 animali
1316 1762 1472 1822 pulsus
1509 1771 1611 1817 180.
1665 1765 1920 1812 Claviculas
1958 1766 2106 1815 habet.
2174 1771 2259 1817 Hi-

203 1823 498 1870 bernaculum
530 1826 572 1870 &
598 1822 782 1869 somnus
809 1822 1060 1876 hibernus;
1115 1841 1166 1870 eo
1189 1837 1390 1886 tempore
1420 1843 1568 1887 neque
1594 1826 1775 1887 pulsus,
1808 1846 1955 1889 neque
1985 1830 2220 1892 respiratio
2241 1868 2256 1887 ‚

202 1903 351 1946 neque
375 1885 566 1933 sensatio
586 1888 831 1947 percipitur
853 1906 865 1933 z
900 1888 1084 1947 quando
1105 1905 1214 1934 vero
1241 1893 1394 1948 peetus
1420 1894 1647 1951 aperitur,
1687 1904 1784 1938 tum
1818 1910 1895 1939 cor
1915 1893 2083 1952 pulsat,
2125 1899 2258 1956 quin-

201 1951 347 1997 decies
377 1951 427 1997 in
452 1952 633 1997 minuto
658 1952 820 2012 primo.
891 1953 948 1998 In
969 1969 1024 1998 eo
1053 1950 1213 2012 sopore
1236 1953 1449 2000 intestina
1478 1971 1575 2000 non
1605 1953 1711 2002 sunt
1740 1957 1995 2004 irritabilia.

326 2030 827 2094 Lehensbeschreibungen
856 2032 1197 2094 merlewiirdiger
1221 2033 1429 2092 Persbnen
1456 2035 1582 2094 dieses
1607 2037 1699 2082 und
1725 2036 1796 2083 des
1824 2043 2004 2100 vorigen
2032 2039 2256 2095 Jahrhun-

201 2097 319 2144 derts
353 2098 534 2143 Breslau
560 2109 695 2155 1774.
724 2096 803 2149 8.*
869 2098 1029 2158 Elogia
1054 2098 1099 2144 B.
1123 2100 1163 2144 S.
1189 2101 1374 2145 ALBINl
1402 2101 1442 2145 &
1463 2099 1659 2146 Comitis
1683 2102 1960 2149 MARslGLI.
2027 2116 2030 2117 ’

326 2180 394 2225 Μ.
424 2179 471 2225 Ε.
496 2179 692 2225 ELOCHS
716 2177 1000 2237 medicinische
1023 2178 1334 2241 Bemerlcngen
1361 2181 1512 2226 Berlin
1536 2193 1672 2239 1774.
1703 2179 1782 2235 8.*
1819 2183 1902 2229 Iris
1923 2185 2144 2247 oblonga,
2172 2189 2254 2235 vix

200 2242 396 2288 mobilis.
454 2241 787 2288 Testimonium
808 2242 860 2288 de
887 2240 983 2288 fetu
999 2259 1076 2301 per
1102 2244 1255 2289 matris
1276 2244 1461 2289 arterias
1485 2246 1713 2291 MEKELH
1734 2257 1828 2292 arte
1846 2249 2031 2308 repleto.
2092 2250 2252 2299 Pulsus

200 2306 523 2351 intermittens.
574 2306 682 2351 Duo
699 2306 879 2352 ordines
904 2306 1127 2351 dentium.
1183 2308 1308 2352 Dens
1327 2323 1568 2367 erumpens
1587 2311 1727 2356 aetatis
1745 2326 1866 2356 anno
1889 2323 1966 2368 73.
2035 2314 2142 2361 Bilis
2169 2315 2253 2362 bu-

199 2368 306 2415 bula
325 2385 406 2428 pro
433 2369 762 2415 medicamento
788 2381 894 2430 pota
919 2369 1085 2415 blande
1107 2371 1260 2416 alvum
1281 2370 1433 2423 ducit,
1468 2372 1676 2418 ciborum
1703 2374 1956 2420 cotftionem
1983 2377 2186 2437 adjuvat.

330 2450 548 2497 EGGERT
579 2451 820 2496 OLAFSEN
855 2453 895 2497 &
926 2451 1121 2497 BI'O'RNE
1153 2452 1419 2499 PovetsEN
1459 2453 1577 2511 Reise
1611 2451 1745 2499 durch
1789 2455 1938 2501 Island
1969 2459 2024 2503 T.
2044 2460 2077 2505 Ι,
2128 2461 2251 2520 Kop-

199 2511 392 2574 penhag.
420 2525 554 2571 1774.
574 2513 655 2571 4.*
673 2515 742 2560 Τ.
759 2515 816 2560 II.
841 2527 976 2572 1775.
1004 2514 1086 2572 4*
1153 2512 1277 2561 Inter
1302 2516 1424 2560 varia
1450 2514 1684 2562 historiam
1716 2522 1966 2565 naturalem
2008 2520 2248 2580 spectantia

201 2579 334 2622 etiam
357 2577 506 2635 aliqua
531 2575 846 2636 physiologica.
896 2578 1004 2623 Avis
1024 2576 1180 2638 seehizst
1199 2583 1219 2629 (
1235 2580 1517 2638 procellaria)
1542 2580 1718 2626 edulem
1742 2582 1915 2640 adipem
1942 2587 2126 2631 evomit.
2161 2587 2248 2633 Pro

200 2639 403 2686 monstro
431 2640 586 2686 habita
617 2641 814 2686 enormis
846 2639 979 2699 sepia.
1051 2642 1104 2687 ln
1129 2640 1315 2700 piscium
1334 2640 1475 2702 specie
1501 2660 1595 2690 mas
1627 2661 1711 2690 ova
1745 2643 1883 2691 fovet.
1953 2648 2070 2707 Lupi
2101 2650 2157 2694 ob
2186 2649 2249 2696 se-

198 2705 420 2750 veriorem
436 2703 631 2749 hiemem
654 2702 847 2749 famelici
870 2716 1035 2750 terram
1062 2705 1298 2752 devorant.
1367 2706 1481 2767 Raja
1501 2709 1670 2754 clavata
1690 2707 1826 2754 habet
1848 2709 1961 2755 duos
1980 2710 2248 2773 conspicuos

198 2782 337 2826 penes
355 2802 368 2821 ‚
405 2770 446 2814 &
468 2767 614 2814 testes.
683 2768 752 2813 Ad
778 2766 962 2814 balaenae
996 2780 1252 2815 anatomen.
1695 2787 1698 2790 ·

328 2853 376 2902 J.
411 2853 466 2901 G.
492 2848 653 2895 Daniel
670 2850 933 2895 SCHREBER
957 2848 1035 2895 der
1058 2849 1308 2911 Saugthiere
1331 2855 1431 2913 erste
1458 2850 1715 2914 Abtheilung
1757 2852 1984 2915 Erlangen
2007 2870 2141 2917 1774.
2171 2862 2247 2918 43*

201 2911 480 2960 Animalium
507 2914 636 2975 pictae
660 2914 843 2967 icones,
885 2914 928 2960 ἃ
953 2911 1109 2975 paffim
1137 2917 1390 3028 τιηεέῗῗιῑὶῗ
1403 2918 1457 3026 ξε
1471 2914 1800 3034 3phyfiologica.
1868 2920 2090 2984 Aethiops
2103 2924 2246 3034 Ιῗὲίἓιιος
