2531 3394
522 101 565 161 '54
603 103 984 164 100721009.
1052 95 1553 170 LIEBERKUHN.
1618 102 1963 160 BERTIER.
2176 122 2283 174 317

190 225 193 227 ,
223 217 562 278 ῳὴἓςᾪωΐεςὶ
615 216 778 277 cuique
805 218 907 263 od’to
935 212 1143 262 mucosus
1168 212 1291 261 finus
1307 231 1322 266 3
1366 213 1598 259 materiem
1624 214 1674 260 in
1693 218 1945 266 arteriolam
1977 217 2188 278 effusam,
2225 227 2270 273 8:

222 282 275 338 in
305 280 504 328 scrobem
533 281 751 341 majorem
781 283 991 333 lacteam,
1025 280 1066 325 &
1101 279 1152 324 in
1184 273 1389 322 mucosas
1427 280 1653 330 minores,
1693 281 1734 325 ἅ
1761 281 1810 326 in
1846 298 1982 330 venas
2019 301 2266 346 penetrare.

220 345 382 394 leones
409 343 738 406 pulcherrimae,
761 356 855 391 rete
877 339 1144 391 arteriosum
1172 341 1228 386 ad
1252 338 1602 401 microscopium
1630 341 1906 391 delineatum
1928 350 2201 407 exprimunt.

347 428 402 474 In
426 431 559 473 Me'm.
581 426 632 472 de
655 425 829 472 l’Acad.
857 423 929 470 des
951 426 1014 471 Sc.
1049 431 1183 480 1745.
1210 419 1436 480 descripsit
1466 421 1590 470 suam
1620 424 1676 470 ad
1705 425 1945 473 circuitum
1972 427 2199 489 sanguinis
2216 436 2266 484 in

216 492 337 539 vivis
361 489 658 543 animalibus,
693 490 815 536 ranis
844 483 1150 548 potissimum,
1185 482 1454 547 aptiffimam
1483 486 1759 543 mensulam,
1800 506 1887 551 qua
1915 494 2146 553 aliquanto
2170 515 2268 546 mu-

218 566 311 603 tata
332 557 484 603 multo
506 571 608 601 cum
632 553 784 600 frucstu
808 548 915 598 usus
941 547 1057 598 suni.

347 639 412 685 Ut
441 635 544 684 vasa
567 636 825 696 repleantur
841 666 854 686 ‚
886 648 987 678 eera
1011 648 1115 678 cum
1139 629 1442 691 colophonio,
1481 635 1523 679 ὃς
1548 634 1636 681 olei
1662 635 1982 684 terebinthinae
2004 654 2237 690 momento
2252 663 2268 696 3

218 700 381 748 deinde
408 701 682 748 membranae
710 698 812 743 oleo
844 696 1015 742 vitrioli
1042 695 1314 749 erodantur5
1350 695 1489 758 gypso
1520 715 1628 744 vero
1660 699 1933 747 circumfuso
1963 705 2004 750 Sc
2036 709 2189 760 coesto,
2227 710 2271 754 &

217 765 439 812 destructa
468 765 519 822 in
545 763 691 815 calore
722 777 848 814 cera,
892 773 1132 822 argentum
1165 759 1217 807 in
1245 760 1437 822 gypsum
1467 760 1767 817 insundatur,
1818 765 1948 813 docet
1972 768 2023 814 in
2044 773 2180 818 Me'm.
2219 772 2272 818 de

213 828 392 881 I’Acad.
425 824 483 890 de
511 827 656 874 Berlin
686 831 822 883 1748.

340 907 477 957 Index
498 918 846 971 praeparatorum
870 909 1209 953 anatomicorum
1239 922 1264 953 a
1289 919 1435 954 morte
1460 907 1548 955 viri
1568 908 1735 969 prodiit
1760 908 1840 958 fol.
1865 911 2049 974 magn*
2101 915 2155 961 In
2170 913 2273 963 bre-

212 975 261 1022 vi
286 975 488 1034 catalogo
526 984 678 1018 tamen
707 972 838 1031 plura
873 987 994 1017 nova
1024 973 1250 1030 reperias;
1300 969 1402 1018 vasa
1439 970 1544 1026 else,
1588 990 1688 1033 quac
1724 991 1803 1034 pro
1839 975 1967 1025 fibris
2008 979 2156 1026 cordis
2192 979 2270 1026 haa-

212 1039 439 1089 beantur3
483 1038 722 1097 pulmones
759 1050 815 1080 ex
852 1035 989 1081 variis
1031 1034 1258 1095 piscibus3
1315 1052 1426 1094 puer
1463 1053 1518 1082 ex
1547 1037 1872 1099 compreffione
1906 1042 1957 1088 in
1986 1055 2118 1090 utero
2152 1044 2268 1105 palsa

207 1099 490 1148 monstrosus
508 1136 521 1155 ,
557 1098 824 1146 intestinum
850 1100 1022 1144 refturn
1052 1099 1257 1145 strictura
1283 1098 1478 1146 divisum
1504 1102 1585 1148 ἃς.

270 1241 272 1243 ‚
347 1182 522 1231 Cabinet
549 1183 844 1242 anatomique,
880 1181 934 1226 οἰι
963 1180 1171 1229 εοίίεέῖἰοη
1191 1179 1262 1228 des
1275 1187 1583 1245 preparations
1603 1190 1894 1248 anatomiques
1915 1186 1968 1235 de
1990 1192 2058 1236 M.
2077 1192 2125 1236 L.
2148 1191 2269 1241 Ann.

207 1252 317 1296 Litt.
350 1252 486 1308 1764.

700 1348 740 1399 §.
775 1343 933 1392 MIX.
1029 1341 1232 1407 Josi’phus
1255 1344 1485 1408 Stephanus
1507 1348 1733 1398 BERTIER
1752 1384 1765 1405 ‚

334 1442 466 1490 Pater
492 1442 705 1496 oratorii,
744 1442 1081 1503 paradoxorum
1108 1443 1525 1504 experimentorum
1555 1449 1737 1502 audior,
1776 1465 1877 1509 quae
1897 1445 2047 1497 nescio
2077 1457 2271 1512 quomod

207 1507 267 1554 do
294 1504 385 1553 fere
408 1508 620 1568 pleraque
646 1508 774 1555 aliter
803 1509 844 1553 ei
868 1507 1130 1554 ceciderunt
1148 1540 1160 1560 ‚
1199 1524 1335 1567 quam
1362 1509 1460 1556 aliis
1485 1510 1535 1556 in
1561 1523 1653 1557 arte
1673 1514 1910 1574 magistris.
1990 1517 2049 1562 Et
2069 1518 2270 1577 primum

207 1569 319 1633 ,Diffi
334 1571 416 1631 sur
440 1582 546 1618 cette
569 1574 773 1631 question,
802 1571 843 1630 fi
866 1573 970 1618 l’air
992 1571 1045 1617 de
1070 1571 1115 1617 la
1142 1571 1400 1633 respiration
1415 1572 1530 1635 paffie
1560 1575 1668 1622 dans
1691 1578 1728 1622 le
1746 1578 1861 1640 fizng
1879 1582 2115 1639 praemium
2143 1595 2268 1628 retu-

206 1637 278 1689 lit,
305 1633 520 1682 &excusa
549 1635 612 1681 est
642 1635 914 1682 Bourdeaux
939 1647 1072 1693 1739.
1109 1635 1218 1682 12.)ξ
1283 1638 1456 1696 Utique
1479 1640 1591 1686 a'e'ris
1617 1640 1784 1688 elastici
1812 1654 1985 1702 partem
2010 1645 2060 1690 in
2086 1642 2268 1706 sangui·

205 1716 313 1747 nem
337 1700 492 1760 recipi,
519 1715 620 1760 quae
642 1698 770 1747 sitin
794 1698 946 1760 spatiis
973 1701 1093 1746 inter
1111 1700 1308 1753 lobulos.
1374 1702 1751 1762 Experimentum
1778 1707 2125 1756 HoomANum.
2179 1711 2268 1756 Re-

204 1762 499 1824 spirationem
530 1762 706 1810 causam
732 1763 814 1811 effe
844 1764 1062 1811 circuitus
1084 1762 1332 1825 sanguinis.
1401 1767 1563 1813 Aerem
1588 1768 1823 1816 internum
1850 1771 1901 1817 in
1927 1770 2147 1833 sanguine
2182 1775 2267 1821 mi-

206 1844 298 1874 nus
323 1827 511 1874 densum
537 1830 580 1874 &
593 1828 831 1874 elasticum
851 1827 933 1874 effe
950 1847 963 1880 3
1000 1827 1117 1874 hanc
1130 1828 1210 1874 effe
1224 1827 1416 1884 causam,
1444 1847 1525 1877 cur
1540 1845 1757 1880 externus
1772 1843 1847 1881 aer
1864 1834 2042 1882 densior
2059 1839 2099 1882 &
2113 1839 2268 1884 valen-

203 1893 298 1940 tior
318 1893 565 1953 pulmones
591 1890 772 1946 subeat,
811 1895 850 1939 8<
878 1890 1027 1952 ipsum
1054 1890 1333 1952 sanguinem.
1391 1940 1397 1947 ,
1423 1896 1610 1957 Recepti
1647 1900 1759 1944 aeris
1790 1910 1963 1959 partem
2002 1901 2052 1946 in
2081 1900 2266 1962 respira-

203 1957 331 2003 tione
352 1957 474 2002 exire
501 1955 556 2002 de
584 1954 828 2017 sanguine,
870 1956 992 2016 quod
1030 1957 1218 2003 calidior
1251 1955 1304 2003 sit
1329 1960 1370 2005 ἃ
1396 1960 1536 2020 magis
1560 1959 1779 2009 elasticus.
1848 1964 1941 2009 Cor
1972 1964 2092 2011 inter
2126 1965 2266 2027 inspi-

201 2019 400 2068 randum
420 2019 647 2067 exhaustis
668 2020 779 2068 vasis
808 2028 955 2067 aerem
974 2022 1023 2066 in
1040 2023 1305 2080 pulmonem
1327 2021 1517 2069 trahere.
1565 2026 1842 2086 Sanguinem
1862 2026 2040 2074 causam
2064 2027 2145 2075 effe
2168 2047 2265 2077 mo-

202 2096 277 2136 tus
300 2083 627 2133 musculorum.
696 2085 872 2133 Contra
900 2082 1085 2147 spiritus
1117 2086 1348 2134 animales.
1414 2089 1602 2135 Motum
1622 2090 1945 2151 peristalticum
1963 2107 2060 2138 non
2085 2091 2167 2140 effe
2184 2111 2264 2142 na-

199 2149 411 2197 turalem.

332 2231 452 2278 Cum
473 2229 524 2278 in
546 2247 641 2278 eam
658 2229 749 2279 diff.
767 2232 1041 2292 Anonymus
1068 2230 1474 2288 animadvertisset,
1511 2233 1745 2296 respondit
1758 2237 1909 2286 noster
1922 2239 1971 2286 in
1981 2241 2175 2296 Journal
2192 2240 2265 2289 des

202 2296 372 2343 Savans
401 2308 536 2354 1742.
574 2296 604 2324 *
640 2304 787 2343 aerem
815 2296 1028 2343 inflatum
1059 2313 1114 2343 ex
1138 2295 1289 2358 aspera
1313 2300 1474 2345 arteria
1496 2300 1546 2346 in
1573 2317 1710 2348 venas
1732 2316 1982 2363 penetrare.

325 2376 496 2436 EJUSD.
530 2375 734 2438 Phyfique
754 2379 814 2424 du
838 2392 959 2440 corps
980 2382 1120 2425 anime'
1149 2379 1269 2426 Paris
1289 2391 1423 2439 1755.
1463 2379 1572 2428 12.*
1638 2384 1809 2444 Utique
1835 2393 1984 2433 a‘e'rem
2009 2387 2059 2434 in
2084 2386 2261 2448 sangui-

199 2455 308 2487 nem
337 2441 517 2493 venire,
553 2440 687 2501 seque
716 2443 860 2489 bullas
887 2445 938 2488 in
969 2443 1231 2503 junioribus
1260 2445 1540 2493 animalibus
1571 2446 1739 2494 vidisse.
1807 2450 2076 2497 Pulmonem
2108 2466 2259 2497 tamen

204 2502 408 2552 clausum
435 2503 516 2549 effe
554 2506 595 2550 ὃ(
623 2512 771 2552 aerem
797 2508 1019 2559 retinere,
1055 2522 1112 2552 ne
1138 2507 1190 2552 in
1220 2524 1381 2553 cavum
1419 2512 1573 2569 peclus
1611 2524 1752 2559 exeat.
1821 2517 1981 2561 Aerem
2016 2517 2063 2561 in
2094 2530 2258 2561 venam

199 2569 410 2616 inflatum
442 2584 521 2627 per
550 2566 746 2628 asperam
768 2570 977 2616 arteriam
1003 2568 1166 2616 exiiffe.
1247 2571 1356 2617 Ideo
1386 2573 1436 2618 in
1459 2574 1617 2620 eodem
1635 2583 1735 2622 aere
1767 2577 1844 2624 diu
1866 2595 1961 2625 non
1985 2577 2099 2638 posse
2124 2577 2259 2638 respi-

199 2633 315 2686 rari,
356 2631 480 2693 quod
508 2649 608 2692 pars
633 2633 746 2679 aeris
773 2634 1025 2680 amittatur.
1095 2634 1166 2680 Ex
1194 2650 1357 2696 grumo
1383 2634 1616 2698 sanguinis
1647 2638 1690 2686 se
1721 2649 1868 2687 a‘e'rem
1904 2642 2145 2703 premendo
2179 2642 2259 2689 eli.

201 2693 307 2742 fiffe.
377 2696 536 2742 Aerem
559 2710 744 2743 tenuem
774 2695 992 2758 sanguine
1016 2710 1247 2757 receptum
1281 2700 1520 2748 circuitum
1547 2702 1688 2750 obire.
1756 2707 1868 2752 Non
1889 2723 1912 2751 a
1935 2707 2168 2751 voluntate
2187 2722 2258 2753 re-

201 2756 495 2819 spirationem
520 2761 653 2813 cieri,
692 2764 731 2808 8<
756 2759 971 2822 superesse
992 2763 1177 2821 quando
1201 2766 1356 2823 pedius
1386 2778 1590 2825 apertum
1622 2767 1695 2813 est.
1786 2770 1904 2814 Cum
1933 2767 2104 2814 sinister
2135 2768 2256 2817 finus

204 2822 343 2868 nimis
370 2823 585 2884 angustus
611 2824 692 2879 fit,
729 2841 877 2885 neque
903 2829 1044 2886 capiat
1068 2824 1334 2886 sanguinem
1364 2829 1511 2876 dextri
1540 2833 1804 2884 ventriculi,
1842 2844 2016 2890 partem
2044 2834 2158 2881 aeris
2181 2851 2258 2880 ex.

204 2882 354 2932 halare
379 2887 432 2933 de
458 2890 700 2947 pulmone,
736 2907 827 2950 quo
854 2888 984 2949 spatii
1005 2888 1058 2935 sit
1087 2887 1203 2938 satis.
1274 2892 1328 2938 In
1353 2891 1570 2954 sanguine
1603 2896 1794 2940 calorem
1825 2898 2055 2942 raritatem
2081 2895 2255 2944 facere:

203 2946 478 3021 itadpropeffi
504 2950 787 3015 sanguinem,
821 2956 891 3004 uti
912 2953 1098 3017 spiritus
1120 2956 1216 3005 vini
1233 2954 1632 3069 inghermometro
1659 2956 1910 3014 adscendit,
1945 2961 1988 3009 &
2006 2973 2102 3009 tota
2121 2963 2254 3023 quin-

302 3022 307 3029 ‘
1349 3036 1371 3067 r
1406 3032 1427 3078 3
2207 3038 2254 3074 ta
