2531 3394
1637 12 1642 17 -
1678 0 1702 21 θ

917 105 963 165 §.
1005 116 1111 166 890.
1148 116 1255 166 891.
1322 109 1369 157 V
1400 112 1439 157 A
1473 111 1517 158 R
1549 113 1571 159 Ι
1605 114 1641 160 Ι.
2212 135 2301 196 ¹,49

381 223 535 272 Puella
558 222 608 270 in
631 219 804 271 deserto
838 222 1026 272 educata
1054 223 1258 286 aphona,
1294 235 1509 273 caeterum
1536 227 1713 275 ratione
1739 232 1938 290 praedita,

379 307 546 366 Aliqua
576 305 628 351 de
656 303 931 352 insectorum
952 307 1259 367 generatione.
1451 299 1453 301 ¹

377 387 469 435 Hic
496 389 538 433 Sc
568 387 699 433 XXI.
739 403 820 447 pro
843 385 1132 447 generatione
1146 385 1404 445 aequivoca,
1439 401 1710 450 argumento
1726 393 1945 440 vermium
1963 396 2295 451 morbosorum.

378 469 449 514 De
476 466 695 514 consensu
723 482 970 514 nervorum
997 466 1052 512 C.
1080 467 1140 513 H.

379 549 545 596 Puellae
573 559 798 596 connatae.

376 630 433 677 In
456 631 576 677 Attis
605 634 737 675 Liter.
763 631 882 675 Suec.
911 644 950 674 a.
984 639 1121 687 1722.
1167 628 1221 676 de
1253 627 1440 679 homine
1474 648 1559 694 ope
1596 633 1771 681 vitrioli
1808 635 1858 682 in
1892 633 2050 685 fodina
2080 642 2300 688 metallica

247 692 463 741 indurato
492 696 533 740 δι
557 689 927 740 immarcescibili.

377 777 449 822 De
473 773 630 821 eodem
654 771 766 820 Phil.
804 772 957 832 Trans:
983 789 1027 820 n.
1050 779 1155 833 384.

376 858 433 903 In
453 860 611 909 Journ.
640 853 712 899 des
735 857 835 900 Sav.
862 866 996 912 1722.
1033 859 1103 901 M.
1126 855 1186 901 du
1213 859 1333 906 Bols
1360 858 1546 913 Medici,
1576 859 1629 907 de
1656 873 1787 922 partu
1808 865 2002 912 ventrali
2022 882 2100 927 per
2125 866 2301 914 inciiio-

245 937 350 968 nem
377 920 563 970 edun-sto,
597 916 717 963 felici
744 933 924 964 eventu.

371 1001 427 1047 In
450 1003 584 1045 Me'm.
613 998 665 1044 de
699 1003 903 1046 Trevoux
937 997 1112 1045 Oft'obre
1139 1011 1272 1057 1722.
1302 1000 1573 1051 describitur
1597 1018 1749 1066 partus
1775 1008 1918 1068 capite
1955 1005 2173 1065 difformi,
2204 1029 2299 1059 cra-

242 1066 322 1112 nio
342 1063 583 1111 destitutus
600 1096 612 1115 ,
647 1061 811 1122 absque
839 1063 1020 1108 cerebro
1038 1074 1118 1110 aut
1144 1064 1389 1126 oblongata
1407 1068 1617 1122 medulla,
1654 1076 1754 1116 cum
1771 1075 1899 1118 nervi
1917 1085 2068 1120 tamen
2086 1074 2297 1123 adessent.

374 1146 430 1191 In
458 1149 527 1190 M.
563 1149 684 1191 Nov.
717 1145 777 1190 D.
801 1144 1020 1191 NOGUEZ
1045 1146 1251 1212 queritur
1279 1147 1336 1194 de
1363 1149 1529 1211 exigua
1558 1149 1774 1199 firmitate
1800 1152 2136 1215 hypothefium,
2164 1158 2300 1205 etiam

243 1208 602 1256 anatomicarurn
634 1209 676 1253 &
701 1205 1127 1268 phyfiologicarum.
1589 1252 1595 1254 .

369 1290 471 1336 Hoc
506 1305 627 1335 anno
664 1289 844 1349 prodire
875 1302 1094 1349 ceperunt
1122 1293 1313 1339 Annales
1337 1294 1575 1342 Academiae
1608 1298 1737 1351 Juliae
1769 1299 2014 1347 Helmstad.
2049 1314 2183 1359 1722.
2220 1301 2300 1357 8.*

243 1369 380 1414 porro
403 1353 683 1399 continuata:
699 1387 712 1406 ,
749 1365 804 1399 ut
829 1353 879 1399 in
901 1355 955 1399 iis
976 1353 1291 1403 recenseantur
1315 1356 1500 1419 scripta,
1540 1377 1641 1421 quae
1676 1362 1727 1409 in
1757 1378 1810 1409 ea
1827 1364 2066 1412 Academia
2093 1369 2146 1413 ab
2174 1383 2297 1414 anno

246 1428 382 1477 1720.
413 1416 697 1478 prodierunt.
764 1416 1064 1464 Intercedunt
1085 1419 1235 1480 aliqua
1258 1424 1453 1483 propria.

924 1552 961 1602 §.
992 1549 1035 1595 D
1052 1548 1089 1595 C
1103 1549 1141 1596 C
1153 1550 1191 1597 C
1202 1551 1249 1597 X
1264 1551 1302 1598 C
1314 1552 1348 1599 Ι.
1452 1557 1589 1601 Varii.

375 1644 544 1693 Carolus
578 1642 630 1690 de
663 1647 706 1691 S.
731 1642 899 1698 YVES‚
950 1646 1160 1693 Medicus
1193 1649 1447 1703 ocularius,
1493 1667 1627 1710 quem
1666 1653 1778 1698 alter
1810 1653 2014 1714 'ejusdem
2058 1656 2260 1703 nominis
2280 1690 2293 1710 ,

241 1706 316 1755 sed
343 1725 397 1754 ex
425 1710 572 1754 aliena
606 1707 774 1755 familia
802 1720 955 1762 natus,
990 1708 1170 1758 secutus
1203 1711 1278 1758 est.
1349 1714 1466 1774 EJUS
1496 1731 1690 1761 nouveau
1717 1722 1850 1763 truite
1879 1718 1952 1763 des
1985 1720 2192 1766 maladies
2225 1720 2298 1766 des

233 1790 373 1833 yeux,
411 1789 511 1818 avec
537 1773 588 1818 de
613 1772 821 1819 nouvelles
846 1771 1119 1820 decouvertes
1137 1774 1222 1833 fier
1246 1776 1514 1837 lastrufft‘ure
1539 1779 1590 1824 de
1613 1780 1730 1825 l’oeil
1740 1814 1751 1832 ,
1789 1779 1848 1836 (ἐξ
1870 1786 1946 1842 qui
1960 1795 2173 1843 prouvent
2193 1784 2294 1829 Γον-

237 1850 348 1898 geme
377 1835 595 1882 immediat
615 1835 664 1881 de
689 1837 732 1882 la
754 1853 837 1882 vue
865 1837 986 1883 Paris
1015 1850 1146 1895 1722.
1176 1842 1279 1886 123*
1343 1842 1601 1888 Anatomen
1625 1845 1749 1904 operi
1769 1842 1849 1891 suo
1864 1847 2102 1905 praemittit
2118 1848 2296 1894 Wle-

245 1914 566 1953 LOWIANAM,
604 1900 734 1961 cujus
768 1899 960 1961 expositio
991 1918 1043 1946 eo
1073 1914 1276 1960 tempore
1307 1904 1514 1951 nondum
1547 1918 1641 1952 erat
1676 1908 1820 1961 edita,
1866 1921 2077 1955 caeterum
2111 1911 2294 1958 bonam.

237 1964 324 2010 Pro
352 1965 634 2011 MARIOTTI
668 1962 931 2023 hypothesi,
969 1981 1024 2010 ex
1052 1982 1104 2011 eo
1134 1980 1404 2027 argumento
1424 2003 1435 2022 ,
1474 1970 1596 2028 quod
1628 1970 1754 2017 iridis
1789 1984 1940 2020 motus
1965 1972 2203 2022 debilitato
2228 1976 2295 2022 vi-

237 2025 290 2074 su
315 2029 357 2074 &
389 2026 480 2088 ipse
503 2028 789 2080 debilitetur,
831 2028 908 2074 iris
932 2040 1081 2075 autem
1111 2029 1384 2078 chorioideae
1416 2028 1581 2080 tunicae
1607 2032 1662 2080 fit
1690 2051 1905 2097 propago.

375 2108 597 2171 Christiani
630 2107 870 2156 Rernhardi
905 2111 1082 2157 ALBINl
1118 2112 1329 2172 specimen
1363 2119 1652 2161 anatomicam
1685 2114 1880 2164 exhibens
1915 2137 2070 2166 novam
2105 2125 2294 2167 tenuium

240 2170 410 2219 hominis
436 2175 722 2234 intestinorum
750 2173 1067 2232 descriptionem
1101 2176 1224 2221 Leid.
1243 2189 1378 2233 1722.
1403 2177 1483 2235 4.*
1524 2191 1656 2238 1724.
1680 2179 1759 2233 8.*
1802 2181 2042 2230 Bernlmrdi
2070 2185 2294 2245 Siegf3·iedi

241 2239 422 2283 ALBINI
451 2236 614 2289 frater,
649 2237 755 2283 inde
782 2236 1001 2283 Profeffor
1025 2240 1375 2299 Ultrajec'tinus‚
1402 2239 1612 2302 fingulari
1629 2243 1789 2290 morbo
1808 2244 2006 2293 adfectus
2025 2239 2289 2300 contabuit3

242 2312 366 2346 tanta
391 2317 551 2360 nempe
580 2302 620 2346 ei
644 2300 734 2346 fuit
760 2302 808 2346 in
839 2302 999 2347 auditu
1024 2301 1277 2356 subtilitas,
1319 2315 1372 2349 ut
1400 2305 1535 2350 etiam
1561 2319 1759 2354 remotos
1782 2310 1829 2354 v&
1855 2322 2014 2357 tenues
2035 2309 2168 2357 sonos
2188 2328 2290 2358 cum

239 2364 516 2410 intolerabili
541 2365 835 2411 incommodo
859 2366 1121 2425 perciperet.
1192 2367 1419 2413 Caeterum
1439 2367 1589 2416 fratris
1604 2369 1710 2416 usus
1729 2374 2046 2432 experimentis
2062 2374 2287 2420 inversum

239 2427 507 2474 intestinum
532 2427 606 2474 hic
635 2428 766 2475 docet
794 2429 981 2474 inflare:
1031 2431 1100 2476 lta
1127 2437 1201 2475 aer
1237 2447 1314 2490 per
1345 2447 1440 2477 eam
1468 2431 1644 2486 sedem,
1683 2451 1770 2494 qua
1800 2435 2116 2484 mesenterium
2143 2438 2289 2484 adhes-

201 2498 205 2502 ’
239 2490 382 2544 serat,
419 2490 540 2538 subit
562 2493 685 2538 inter
711 2490 1007 2538 musculosam
1037 2494 1265 2546 tunicam,
1320 2496 1362 2540 &
1392 2495 1596 2541 villosam
1614 2531 1627 2550 ,
1673 2500 1714 2544 &
1742 2510 1886 2544 totam
1911 2517 2119 2546 nerveam
2153 2518 2287 2546 mem-

240 2555 426 2601 branam
457 2554 677 2608 dilsolvit,
714 2557 852 2615 inque
888 2556 1143 2602 cellulosam
1184 2558 1319 2603 telam
1344 2561 1585 2606 convertit.
1666 2562 1766 2608 Nos
1792 2562 1931 2609 incisa
1958 2580 2120 2609 nervea
2152 2582 2288 2610 mem-

239 2619 379 2665 brana
410 2618 699 2665 sufflabamus
719 2653 730 2671 ,
769 2632 820 2665 ut
841 2618 1052 2665 cellulosa
1078 2619 1272 2666 secunda
1297 2635 1555 2681 appareret,
1596 2624 1854 2676 eellulosam
1884 2628 2061 2673 tertiam
2085 2627 2287 2674 ostende-

236 2683 396 2730 bamus
422 2678 561 2730 incisa
594 2681 765 2729 villosa.

366 2766 538 2825 EJUSD.
580 2770 645 2811 De
670 2777 867 2829 anatome
880 2764 1091 2827 prodente
1118 2783 1284 2813 errores
1309 2771 1354 2814 in
1371 2768 1548 2836 ffledicz's
1591 2769 1785 2817 Utrecht
1812 2782 1942 2828 1723.
1964 2773 2040 2829 4.ss
2107 2774 2284 2821 Nimiae

239 2828 357 2875 vires
389 2830 645 2876 ventriculo
673 2830 891 2882 tributas,
930 2831 971 2875 &
999 2831 1107 2876 alias
1134 2829 1296 2878 ssmiles
1330 2831 1601 2892 hypotheses
1637 2835 1691 2879 ab
1716 2847 1921 2879 anatome
1950 2834 2150 2883 refutari.

361 2914 407 2964 J.
433 2913 618 2971 Baptistae
641 2911 861 2957 PAHONJ
893 2910 1000 2957 dena
1018 2917 1297 2973 genera-‚tione
1321 2914 1422 2959 dell'
1448 2932 1566 2960 nomo
1589 2913 1765 2972 discor-fi
1785 2915 2016 2962 academici
2042 2917 2075 2962 I.
2100 2917 2157 2963 II.
2197 2917 2282 2961 Ve-

239 2987 338 3024 nez.
364 2985 497 3034 1722.
524 2973 606 3035 4*
640 2977 682 3022 &
705 2975 787 3023 III.
812 2975 894 3022 IV.
920 2975 981 3023 ib.
1015 2982 1148 3034 1726.
1169 2975 1251 3035 4.*
1275 2977 1385 3097 TAgd
1415 2976 1702 3024 difficultates
1737 2980 1983 3025 movendas
2004 2993 2282 3091 aptuggsinlpixg
