2531 3394
297 131 388 187 378
698 122 832 170 zm.
882 122 973 170 rx.
1041 113 1458 169 ANATOMES
1508 104 1960 195 PERrEc‘Tio.

425 256 482 304 In
511 252 752 316 Hc'zmburg.
787 249 1035 313 vermischte
1062 245 1318 297 Bibliotheclz
1354 247 1651 315 depulmone
1679 244 1814 294 fetus.

429 339 486 385 In
512 335 652 400 Effizys
676 337 729 399 of
742 355 767 384 a
792 340 940 384 Societ.
966 344 1013 378 ott
1037 329 1259 391 Edinhurg
1285 330 1340 377 T.
1358 329 1465 376 VII.
1500 330 1545 376 P.
1562 329 1620 375 ΙΙ.
1651 345 1689 374 a.
1717 340 1849 388 1744.
1877 327 2041 377 excuso,
2070 327 2251 380 Thomas
2264 330 2360 379 AR..

297 417 410 453 NOT
439 404 493 450 de
516 403 762 464 pinguibus
789 398 1079 460 corporibus,
1117 411 1216 454 quae
1237 393 1291 440 de
1317 395 1420 442 alvo
1447 391 1737 440 decefferunt.

427 482 642 541 ,Iohannes
667 485 974 531 STEVENSON
1004 477 1056 524 de
1085 473 1225 523 causis
1252 476 1414 522 caloris
1439 475 1644 523 animalis
1666 476 1708 521 &
1738 469 1899 521 effectu
1918 474 2152 535 pediluvii.
2221 477 2359 523 Illum

299 549 466 599 tribuit
496 546 734 610 processui,
779 559 833 593 ut
862 554 1021 595 vocat,
1071 558 1148 602 per
1176 556 1309 601 quem
1339 541 1553 587 alimenta
1583 550 1792 585 naturam
1827 550 2009 586 mutant
2028 573 2041 593 ‚
2090 539 2387 599 imperfedtaef

302 631 464 675 nempe
501 613 744 674 pntredini.
814 611 869 657 In
901 607 1133 668 pediluvio
1157 602 1311 665 pulsus
1336 605 1492 664 augeri
1512 619 1616 650 cum
1641 605 1773 649 audio
1803 604 1963 649 calore.
2033 604 2364 664 Belgicerecu-

302 678 377 726 sus
403 678 462 724 est
489 680 514 724 l.
543 681 705 723 Proeve
731 692 831 721 over
857 672 908 718 de
933 669 1120 720 oorzaalz
1139 669 1218 715 der
1243 667 1439 728 dierlylze-
1456 679 1665 714 waarmte
1688 684 1737 712 en
1765 683 1867 712 over
1887 671 2023 728 eenige
2046 665 2363 727 zfftwerkingen

302 744 382 790 der
396 741 504 789 hitte
516 759 563 787 en
580 740 713 786 lzoude
729 752 778 800 op
794 754 897 785 onze
920 733 1142 797 lighamen.
1190 733 1345 779 Vertit
1359 730 1561 778 Hendrilz
1581 749 1629 783 v.
1645 731 1897 778 SOMEREN
1935 732 2150 781 Haarlem
2166 737 2300 790 1764.
2316 737 2360 785 8.

441 823 628 872 William
649 822 880 868 TOSSACK
911 817 966 863 de
995 816 1096 862 viro
1124 814 1284 861 inflato
1311 820 1412 860 aere
1439 812 1494 859 ad
1524 813 1666 860 vitam
1692 822 1920 859 revocato.

432 910 578 960 James
608 905 800 950 ECCLES
837 898 1107 945 abstinentia
1133 909 1205 953 35.
1237 898 1279 943 &
1307 907 1380 954 54.
1405 895 1598 941 dierum.

440 984 617 1033 Thomm
638 986 824 1032 Srmrr
849 981 902 1027 de
921 978 1125 1035 Johannae
1147 978 1348 1026 YOUNG
1374 976 1645 1024 abstinentia
1669 977 2001 1038 quinquaginta
2021 994 2249 1026 annorum
2263 1012 2275 1032 ‚
2311 988 2367 1026 ut

305 1049 400 1098 solo
433 1049 528 1096 sero
561 1049 686 1095 lactis
705 1048 893 1093 Viveret.

432 1129 583 1185 Jacohi
599 1130 902 1176 CRAWFORD
930 1123 1022 1172 diff.
1043 1125 1097 1171 de
1122 1122 1389 1184 sympathiis
1410 1123 1459 1169 in
1483 1139 1669 1183 corpore
1694 1120 1913 1169 humano.
1981 1123 2065 1170 Per
2086 1123 2367 1184 experimen-

306 1207 352 1243 ta
368 1208 472 1241 nata
483 1195 604 1240 bona
626 1191 891 1253 disputatio.
960 1192 1161 1238 Omnem
1183 1186 1487 1248 sympathiam
1511 1186 1611 1234 fieri
1632 1203 1711 1247 per
1733 1203 1899 1233 nervos
1926 1189 1997 1234 vel
2017 1203 2094 1248 per
2121 1185 2365 1236 musculos.

434 1274 668 1387 Cdjmdii'oc
692 1290 814 1320 anno
839 1271 948 1320 huic
971 1271 1114 1318 diario
1148 1269 1254 1318 finis
1283 1268 1344 1316 est
1365 1266 1629 1330 impositus,
1664 1266 1740 1314 sed
1774 1268 1907 1315 novis
1933 1267 2216 1316 editionibus
2251 1271 2369 1317 mul-

304 1353 406 1390 tum
433 1357 454 1387 e
522 1357 546 1386 a
612 1352 741 1387 itum.

436 1423 493 1470 In
518 1433 675 1483 quarta
694 1455 706 1474 ‚
744 1436 843 1480 quae
871 1436 909 1467 a.
936 1428 1074 1479 1752.
1097 1422 1138 1472 8.
1157 1416 1267 1464 min.
1296 1411 1490 1463 6.Vol.*
1521 1413 1706 1476 prodiit,
1744 1424 1906 1476 praeter
1929 1414 2127 1462 minores
2164 1413 2369 1464 acceffio.

309 1505 390 1536 nes
423 1489 620 1534 multum
647 1486 776 1532 aucta
803 1483 908 1530 sunt

435 1573 607 1632 Georgii
625 1569 843 1616 MARTJN
875 1565 1181 1627 experimenta
1208 1561 1261 1608 dc
1288 1560 1419 1608 nervi
1444 1560 1717 1608 recurrentis
1738 1559 2036 1608 revinctione.

430 1649 681 1698 Alexandri
710 1650 910 1696 Momm
944 1648 998 1694 dc
1029 1646 1287 1693 nutritione
1310 1642 1446 1690 fetus.
1864 1654 1867 1655 ⁷

437 1734 613 1794 EJUSD.
651 1733 722 1779 De
744 1744 838 1778 arte
863 1729 1113 1791 injiciendi.

435 1815 512 1876 EJ.
548 1816 618 1860 De
645 1811 840 1860 musculi
868 1811 1088 1859 biventris
1113 1810 1306 1862 ad‘tione,
1333 1818 1491 1855 contra
1513 1807 1884 1856 WmSLOWUM
1916 1808 1958 1855 &
1981 1806 2305 1856 FERRENIUM.

436 1897 511 1959 EJ.
548 1897 618 1943 De
645 1893 855 1958 yasorum
881 1892 1253 1955 spermaticorum
1278 1889 1530 1937 involucris
1558 1890 1639 1936 &a

438 1980 497 2026 Et
530 1980 572 2041 J.
599 1978 899 2026 STEVENSON
937 1974 991 2022 de
1019 1976 1167 2021 calore
1199 1973 1397 2019 animali.

440 2062 495 2108 In
519 2054 653 2118 selebi.
683 2057 957 2119 Francofnrt.
990 2057 1141 2104 T.111.
1172 2071 1216 2101 n.
1243 2066 1283 2111 3.
1330 2051 1541 2115 Philippus
1563 2051 1734 2100 Samuel
1747 2053 1977 2101 GIERING
2006 2050 2157 2100 sceleti
2184 2052 2373 2102 similem

314 2143 392 2189 per
427 2141 565 2172 anum
597 2136 776 2184 partum
805 2120 1030 2169 describit.

445 2207 502 2254 In
528 2205 679 2253 T.111.
711 2221 754 2250 n.
787 2216 826 2261 5.
858 2203 950 2264 egit
975 2204 1110 2251 Im-:m
1130 2200 1184 2247 de
1202 2200 1305 2247 bilis
1331 2198 1506 2259 cysticae
1533 2199 1798 2245 collecstione
1820 2200 1860 2246 δι
1876 2199 1925 2246 in
1940 2198 2207 2247 duodenum
2223 2200 2369 2248 fluxu.

316 2273 467 2332 Negat
488 2269 770 2316 commodam
797 2268 917 2314 viam
943 2266 1039 2313 dari
1061 2266 1118 2312 ab
1152 2264 1312 2325 hepate
1342 2264 1397 2309 ad
1430 2263 1547 2309 fellis
1575 2260 1840 2316 vesiculam,
1894 2265 1935 2310 ἃ
1963 2280 2016 2310 eo
2045 2275 2157 2312 tunc
2190 2258 2374 2313 demum

316 2337 456 2382 bilem
488 2332 695 2387 admitti,
733 2331 917 2391 quando
945 2330 1211 2377 duodenum
1236 2345 1338 2374 eam
1368 2343 1505 2388 porro
1538 2326 1736 2387 recipere
1766 2339 1917 2388 negat.

444 2416 506 2463 N.
530 2420 575 2461 6.
607 2412 715 2459 ibid.
748 2412 887 2460 IDEM
919 2411 972 2458 de
1002 2410 1391 2458 administratione
1413 2408 1604 2470 hepatis.

438 2497 497 2544 In
513 2497 569 2543 T.
581 2495 664 2542 IV.
678 2495 883 2540 valvulas
899 2507 1035 2539 aortae
1051 2491 1421 2546 contendit‚ostia
1435 2490 1776 2538 coronariarum
1797 2492 2064 2538 arteriarum
2082 2502 2230 2553 tegere
2241 2488 2373 2551 poffe.

448 2578 506 2624 In
533 2575 621 2623 hoc
640 2587 767 2622 tomo
792 2572 945 2635 paffim
972 2575 1107 2620 variae
1131 2575 1341 2621 vindiciae
1367 2575 1582 2621 STA11L11
1601 2570 1813 2620 adversus
1831 2572 2123 2621 mechanicos
2144 2572 2376 2632 reperiun-

321 2656 423 2697 tur,
455 2657 565 2703 quas
595 2652 708 2702 puto
734 2637 815 2686 effe
838 2641 889 2686 A.
911 2640 1210 2686 OTTOMAM
1238 2639 1522 2686 Goamcxa.

868 2766 914 2824 §.
952 2766 1157 2815 MLIV.
1260 2765 1484 2814 Abraham
1517 2768 1827 2819 TREMBLEY,

450 2869 538 2916 Vir
561 2867 756 2920 nobilis,
798 2865 911 2913 civis
934 2864 1133 2924 optimus
1149 2896 1161 2915 ‚
1192 2862 1411 2909 industria
1433 2862 1775 2923 incomparabili
1806 2861 1860 2908 ad
1888 2859 2085 2907 eruenda
2110 2872 2284 2909 naturae
2311 2877 2379 2909 ar-

325 2948 438 2981 cana
463 2932 570 2980 usus
599 2931 673 2979 est.
741 2929 844 2977 Post
877 2929 1055 2988 aliquot
1081 2926 1230 2972 obiter
1261 2923 1352 2971 fere
1386 2924 1520 2972 factas
1552 2928 1745 2972 aliorum
1771 2925 2087 2972 adnotationes
2116 2926 2157 2972 ei
2189 2926 2379 2973 debetur

325 2998 593 3049 miraculum
620 2995 827 3045 animalis
843 3027 858 3049 ,
893 3004 949 3041 ut
970 2992 1134 3054 plantae
1156 3005 1234 3053 per
1265 2988 1479 3038 deciduos
1504 3005 1654 3037 ramos
1672 2988 1716 3035 se
1733 2989 2035 3051 propagantis.
2101 2988 2260 3040 Paffim
2284 2991 2379 3051 jam

2286 3052 2377 3102 hoc
