2531 3394
265 129 360 177 470
567 139 569 143 -
676 116 807 162 Lm.
847 117 938 161 rx.
1006 80 1429 160 ANAToMEs‘
1471 110 1908 165 PERFECTIO.

265 245 318 292 in
344 260 586 291 commune
603 259 717 304 opus
745 242 1006 290 harmonice
1034 238 1318 288 consensura.
1386 241 1472 287 Pro
1504 241 1770 286 evolutione
1797 243 2010 301 partium,
2029 258 2130 304 quae
2148 241 2199 287 in
2223 241 2324 299 pul-

267 309 320 355 lo·
336 307 405 356 fit.
473 309 714 356 Fervorern
737 309 931 367 aliquem
957 305 1221 351 arteriarum
1251 307 1294 351 &
1316 306 1463 351 cordis
1486 318 1669 351 motum
1693 305 1901 352 excitare.

394 409 451 454 In
471 409 527 455 T.
544 408 626 454 IX.
656 419 813 454 contra
840 407 1166 453 CONDILLACI
1187 420 1327 464 opus,
1360 403 1483 464 quod
1508 404 1741 450 metuitne
1756 403 1811 449 ad
1825 404 2144 462 Spinosismum
2168 406 2319 455 ducat.

268 472 537 520 Instindtum
565 488 660 518 non
685 470 765 517 effe
788 488 811 516 a
841 467 1184 515 consuetudine.
1254 470 1366 514 Non
1389 469 1501 514 bene
1523 484 1627 514 eum
1652 468 1803 513 virum
1832 466 1911 513 sibi
1936 468 2103 527 paffum
2134 469 2214 516 effe
2232 472 2319 519 ela-

268 537 315 588 bi
331 571 342 589 ,
378 537 571 583 animam
605 535 847 582 humanam
870 533 925 578 ab
951 532 1216 577 animalium
1236 532 1386 577 anima
1404 530 1497 578 sola
1522 530 1690 578 fabrica
1712 530 1904 578 habitati
1916 533 2124 592 corporis
2144 533 2319 581 distare.

270 600 443 648 Contra
468 602 709 647 BUFFONH
735 610 880 658 partes
910 597 1174 641 animalium
1202 595 1402 642 inutiles.

403 698 584 759 Scripsit
620 699 754 744 etiam
785 698 996 744 Me'moire
1019 708 1134 756 pour
1165 692 1362 756 l’hzstoire
1401 693 1472 740 des
1509 697 1729 757 araigne'es
1761 700 2011 757 aquatiques
2037 694 2096 752 ἓξ
2120 696 2323 758 ΙάνιαζγῙε

271 762 342 811 des
355 764 604 824 sensations.

403 846 525 892 Loutk
550 846 744 891 ESTEVE
776 844 910 888 traite¹
939 839 991 887 de
1019 840 1169 892 l’ouie‚
1211 839 1264 885 οἰι
1301 839 1424 900 apres
1460 843 1588 886 avoir
1623 841 1768 901 expose‘
1793 839 1849 886 les
1881 845 2049 902 parties
2076 847 2325 903 organiques

272 910 324 957 de
348 909 546 962 Porciae,
582 908 665 954 l’on
687 905 824 952 donne
845 922 926 951 une
946 903 1106 950 theorze
1137 904 1197 949 du
1222 907 1379 949 tintoin
1415 901 1474 958 ’ἐξ
1501 902 1558 948 du
1579 904 1820 965 fifflement,
1858 922 1960 951 avec
1975 905 2180 966 plufieurs
2205 919 2326 968 expe-

271 978 431 1019 riences
456 971 689 1023 nouvelles,
728 967 786 1025 Εὖ)
811 969 851 1016 lca
879 967 1038 1015 theorie
1061 968 1120 1014 du
1133 967 1212 1025 son
1234 966 1290 1022 &5
1316 966 1367 1012 de
1387 967 1616 1013 l'audition
1652 968 1870 1025 Avignon
1899 982 2035 1028 1751.
2065 969 2171 1017 12.*
2207 971 2325 1027 Ana-

273 1049 395 1082 tome
422 1036 569 1081 brevis
598 1049 743 1093 neque
766 1033 968 1092 propria3
1005 1031 1192 1078 theoriae
1217 1033 1331 1090 plus,
1403 1031 1576 1076 Contra
1607 1031 1874 1091 dignitatem
1910 1034 2131 1092 trianguli
2168 1035 2325 1080 nervei

272 1099 397 1158 quod
421 1100 470 1144 in
490 1097 615 1158 septo
647 1096 841 1143 cochleae
871 1095 1094 1142 statuitur.
1131 1096 1200 1141 De
1224 1094 1414 1154 strepitu
1439 1095 1716 1154 praecedente
1739 1093 1916 1141 sonum.
1969 1095 2154 1156 Physica
2181 1101 2323 1157 plura.

273 1161 607 1209 Consonantias
643 1175 909 1206 nervearum
942 1160 1101 1220 organi
1139 1159 1321 1205 auditus
1364 1157 1581 1204 fibrarum
1620 1175 1722 1204 cum
1764 1157 1886 1205 sonis
1924 1162 2121 1208 externis
2158 1162 2321 1222 rejicit.

271 1227 342 1272 De
373 1227 512 1288 gratia
537 1222 938 1273 consonantiarum
968 1240 1023 1269 ex
1049 1223 1226 1269 ratione
1251 1238 1548 1268 numerorum
1574 1223 1813 1282 pendente.

396 1325 665 1372 Pulmonem
690 1326 740 1370 in
764 1323 934 1385 adjecta
963 1321 1276 1369 observatione
1305 1322 1407 1367 vult
1432 1323 1482 1366 in
1509 1324 1687 1382 pectore
1711 1334 1865 1382 aperto
1895 1323 2085 1370 moveri.

393 1423 467 1485 EJ.
505 1425 740 1486 Qgtaestionis
759 1422 923 1469 medicae
936 1423 1043 1469 ΧΠ.
1080 1418 1307 1481 Monspel.
1328 1432 1464 1480 1759.
1486 1421 1570 1479 4*
1605 1421 1677 1467 De
1699 1419 1800 1468 salis
1822 1422 2036 1477 volatilis,
2061 1423 2140 1484 qui
2160 1440 2214 1470 ex
2233 1414 2329 1472 ani-

272 1486 467 1533 malibus
491 1490 722 1534 obtinetur
737 1522 749 1541 ,
780 1490 923 1548 copia.

402 1567 584 1630 Scripfit
609 1571 750 1617 vitam
777 1569 959 1615 Henrici
983 1568 1145 1614 FIZES.

399 1653 472 1698 ΕΙ.
501 1652 721 1698 tribuitur
756 1655 902 1696 Lettre
935 1650 986 1695 de
1017 1654 1088 1696 M.
1118 1654 1169 1702 E.
1194 1666 1220 1695 a
1243 1653 1314 1695 M.
1345 1652 1392 1698 V.
1410 1651 1451 1696 S.
1477 1648 1515 1695 le
1535 1652 1628 1709 Roy
1657 1650 1873 1711 Avignon
1893 1657 2028 1711 1758.
2060 1652 2130 1698 De
2158 1650 2329 1700 duode-

274 1716 362 1763 cim
391 1715 718 1776 quaestionibus
745 1716 985 1762 lMBERTI.

400 1799 582 1844 ARENT
612 1798 982 1844 FERmNANDus
1021 1796 1151 1851 (non
1175 1793 1358 1842 Amos)
1395 1795 1742 1842 LAMBm-:cnrs
1764 1796 1803 1857 J.
1829 1797 1884 1844 U.
1912 1799 1954 1844 &
1974 1799 2039 1844 M.
2062 1798 2120 1844 D.
2151 1797 2327 1846 obleft‘a-

275 1866 407 1908 tiones
432 1859 491 1916 ἓξ
514 1860 822 1920 ohservationes
851 1862 1096 1905 anatomicae
1142 1858 1369 1904 Francker
1393 1871 1526 1915 1751.
1563 1859 1637 1912 8.*
1706 1860 1844 1906 Breve
1871 1862 2190 1922 compendium
2222 1879 2330 1909 ana-

274 1926 494 1971 tomicum
516 1959 528 1978 ‚
567 1925 642 1971 cui
665 1925 898 1970 nonnullae
925 1927 1106 1969 ALsslNl
1132 1921 1445 1969 adnotationes
1471 1923 1669 1970 admistae
1697 1921 1828 1977 sunt,
1877 1941 1987 1984 quas
2011 1925 2162 1972 noster
2197 1926 2329 1973 annis

281 2000 419 2048 1747.
451 1991 491 2034 &
525 1995 660 2047 1748.
693 1990 946 2048 collegerat.

275 2131 351 2179 fb
389 2070 858 2178 lJquOLDHAMMER
891 2067 1087 2116 Weiber-
1120 2067 1212 2114 und
1228 2066 1550 2117 Kinder-Arzt
1591 2066 1862 2115 Northusen
1897 2082 2034 2128 1751.
2070 2076 2112 2124 8.
2176 2072 2330 2118 Multa

297 2149 319 2180 a
356 2149 386 2179 u
408 2150 434 2178 o
458 2150 495 2178 a.

405 2219 452 2269 J.
466 2212 572 2262 Phil.
590 2213 709 2264 lfa-id.
738 2214 917 2261 LESSER
954 2211 1130 2273 Versucl)
1159 2212 1265 2260 iiber
1288 2212 1355 2259 die
1371 2211 1611 2261 natiirliche
1631 2211 1815 2275 Sprache
1848 2212 2096 2261 Northaus.
2120 2227 2254 2273 1751.
2280 2228 2327 2276 4„

406 2299 453 2350 J.
480 2292 756 2355 Chrzstophori
779 2296 1031 2342 BEKMANN
1061 2297 1101 2342 &
1131 2293 1345 2342 Bernardi
1381 2294 1591 2342 Ludovici
1622 2292 1880 2342 BEKMANN
1917 2294 2222 2359 Beschreibung
2254 2298 2331 2344 der

283 2356 574 2409 Char-Mark
608 2358 921 2420 Brundenburg
961 2359 1113 2405 Berlin
1140 2371 1273 2419 1751.
1318 2355 1436 2405 fot*
1503 2359 1667 2419 Aliqua
1699 2359 1755 2405 de
1794 2359 2006 2407 monstris
2033 2360 2246 2408 humanis
2287 2363 2330 2408 &

278 2423 567 2475 animalium,
604 2420 748 2481 deque
775 2422 1059 2469 animalibus.

403 2503 796 2566 J.K1RKPATR1K
820 2502 1044 2564 reflexions
1068 2520 1120 2549 on
1143 2501 1211 2549 the
1233 2501 1374 2561 causes
1400 2502 1490 2549 and
1509 2505 1818 2564 circumstances
1842 2502 1935 2552 who
1966 2522 2064 2566 may
2094 2505 2252 2552 retard
2278 2521 2329 2551 or

273 2578 462 2630 prevent
483 2564 553 2612 the
573 2565 858 2627 putrqf'acffion
881 2565 932 2625 of
950 2565 1061 2611 dead
1089 2566 1228 2612 bodies
1259 2566 1457 2613 London
1485 2579 1618 2625 1751.
1651 2568 1728 2621 8.*
1794 2570 1849 2614 In
1882 2567 2156 2629 sarcophago
2181 2584 2328 2627 reper-

281 2644 356 2678 tus
382 2632 453 2677 vir
469 2664 481 2684 ‚
519 2628 789 2690 oetogefimo
813 2628 867 2674 ab
896 2628 1004 2674 hinc
1027 2645 1148 2674 anno
1176 2642 1386 2676 mortuus
1404 2664 1417 2683 ,
1453 2630 1591 2676 flexili
1616 2633 1655 2677 &
1679 2633 1947 2691 incorrupto
1984 2647 2202 2691 corpore:
2235 2630 2330 2677 hie-

280 2711 353 2741 me
380 2710 494 2755 aqua
526 2691 850 2752 sarcophagum
879 2692 1104 2744 adluerat‚
1141 2694 1328 2739 cadaver
1358 2694 1507 2753 picato
1543 2695 1684 2740 linteo
1721 2695 1968 2740 obductum
2004 2693 2164 2740 fuerat.
2236 2696 2329 2741 Fri-

284 2759 382 2818 gori
409 2755 583 2811 causam
608 2756 835 2803 cadaveris
860 2756 1113 2814 incorrupti
1138 2757 1313 2802 tribuit.
1381 2757 1435 2802 In
1473 2758 1569 2802 loca
1600 2756 1882 2804 bituminosa
1916 2758 2062 2803 delata
2090 2757 2327 2813 cadavera,

286 2836 388 2868 cum
412 2822 504 2881 jam
536 2819 766 2873 faterent,
804 2818 990 2865 odorem
1017 2817 1346 2878 deposuerunt,
1387 2822 1426 2866 8<
1461 2820 1739 2867 flexilitatem
1761 2832 2097 2881 recuperarunt.

410 2901 634 2966 Aedologie
659 2903 713 2954 οἰι
739 2914 800 2951 tr.
826 2901 888 2951 du
905 2898 1106 2964 roffignol
1130 2899 1267 2963 franc
1295 2901 1349 2948 οὰ
1382 2898 1614 2957 chantem,
1658 2912 1886 2954 contenant
1917 2901 1962 2951 la
1996 2906 2183 2952 muniere
2211 2903 2264 2949 de
2293 2904 2332 2968 Ie

2149 2972 2329 3018 nourrii·
2382 3010 2396 3022 s
