2531 3394
280 130 375 181 574
669 112 818 168 215.
861 112 954 159 tx.
1023 82 1442 159 ANATOMES
1491 90 1939 184 PERch'Tio.
2254 142 2259 146 ,
2336 27 2394 85 m

407 247 463 296 In
490 244 742 307 Aligemeine
757 247 973 307 Magazin
991 242 1048 290 T.
1062 241 1147 289 XI.
1186 240 1370 285 Antonii
1395 236 1434 297 ζε
1458 237 1636 283 CAMUS
1666 235 1864 292 confina,
1896 249 1951 286 ut
1985 235 2194 287 homines
2212 210 2345 286 bene¹

281 311 379 360 nati
403 321 688 372 generentur.
757 310 828 356 De
855 309 962 356 vitae
995 306 1191 354 termino
1220 300 1446 362 probabili
1476 302 1518 347 &
1551 300 1857 360 longaevitatis
1885 300 1975 363 spe.

409 393 465 439 In
489 396 656 446 Journj
675 408 862 439 oeconom.
894 395 1029 446 1761.
1067 383 1225 432 Infitio
1250 398 1479 454 cornuum
1502 383 1552 428 in
1583 381 1711 443 gallis
1730 415 1741 434 ‚
1783 399 1883 442 quae
1907 399 1988 443 pro
2011 383 2138 435 crista
2171 382 2337 446 suppo.

281 468 480 510 nentur,
519 458 560 502 ἃ
587 455 866 502 succrescant
897 467 1032 511 atque
1063 450 1255 495 duarum
1280 462 1521 494 unciarum
1555 446 1893 507 longitudinem
1932 446 2188 508 adtingant.
2257 452 2339 497 Ar-

282 519 426 569 tificio
449 531 551 567 nata
580 518 746 567 fabrica
771 534 864 565 non
890 513 1049 563 tranfit
1071 514 1120 560 iu
1146 513 1309 572 pullos.
2083 525 2085 527 ·
2410 512 2413 513 ⁷

411 605 594 649 Antonii
612 603 834 650 MARTIN
866 599 922 645 R.
947 594 1009 642 fil.
1042 595 1096 640 de
1117 592 1304 640 materie
1334 593 1514 638 lucente
1547 589 1737 651 piscium
1776 592 2089 640 marinorum:
2142 592 2192 638 in
2221 609 2337 654 aqua

282 664 570 777 dulci-Fullo..
639 664 779 712 Primi
806 665 960 710 lucent
993 659 1130 706 oculi.
1217 658 1393 703 Lucens
1425 656 1634 703 materies
1665 656 1819 717 digitis
1862 655 2085 709 adhaeret,
2126 667 2341 704 caeterum

280 744 340 782 vo
362 742 421 777 at1
441 746 494 777 is.
1656 760 1661 768 ·

409 812 544 859 IDEM
571 812 625 858 T.
644 808 799 857 XXV.
832 805 863 854 s.
884 823 1006 853 anno
1037 809 1172 863 1764.
1202 802 1256 850 de
1286 802 1435 848 calore
1468 801 1671 861 corporis
1700 800 1908 850 humani.
1976 801 2152 849 Aestate
2181 801 2238 849 ad
2257 804 2339 859 91.

282 875 446 938 gradus
474 877 737 922 FAnnENH.
768 871 999 933 pervenit,
1035 870 1086 916 in
1112 867 1233 914 febre
1269 866 1325 913 ad
1346 872 1424 921 98.
1495 866 1727 912 Humores
1757 867 1921 927 reliqui
1951 867 2106 928 potius
2137 864 2343 928 frigidio-

282 955 352 987 res
382 938 500 986 sunt.
568 940 621 984 In
644 938 805 984 Finnia
833 937 1026 982 calorem
1052 934 1102 979 in
1124 930 1413 992 hypocaustis
1436 927 1592 975 ferunt
1620 946 1868 976 enormem.

406 1021 461 1067 In
481 1021 534 1067 T.
551 1019 728 1067 XXVI.
759 1019 951 1064 calorem
991 1011 1220 1061 dimensus
1247 1012 1334 1064 est,
1373 1026 1507 1070 quem
1530 1011 1579 1056 in
1602 1011 1657 1057 iis
1683 1009 1970 1070 hypocaustis
2001 1012 2205 1059 Finnicis
2228 1013 2340 1059 tole-

285 1096 413 1138 rant,
454 1083 616 1130 ficcum
644 1098 805 1142 nempe
833 1081 890 1126 ad
925 1091 1040 1137 147:
1074 1076 1318 1123 humidum
1346 1075 1402 1120 ad
1430 1085 1531 1121 122.
1555 1091 1620 1135 gr.
1643 1075 1911 1122 FAHRENH.
1978 1076 2204 1123 Homines
2230 1077 2344 1123 cale-

289 1147 420 1198 scunt
446 1148 500 1194 ad
526 1164 587 1208 gr.
618 1152 704 1200 108
725 1165 738 1199 3
777 1147 818 1191 &
844 1141 1056 1204 pulsuum
1089 1141 1315 1186 maximus
1343 1154 1563 1184 numerus
1590 1137 1651 1185 est
1679 1151 1784 1196 150.

413 1229 466 1279 A.
496 1235 629 1287 1766.
666 1227 719 1274 de
745 1228 891 1274 calore
915 1241 994 1285 per
1023 1224 1114 1270 alvi
1141 1221 1484 1270 evacuationem
1509 1220 1560 1266 in
1584 1218 1773 1266 homine
1797 1218 2045 1268 diminuto..

409 1315 463 1360 A.
491 1317 626 1370 1767.
664 1325 792 1356 venae
823 1306 1064 1353 sectionem
1097 1304 1287 1351 omnino
1313 1299 1589 1362 refrigerare.

408 1396 465 1446 A,
488 1399 619 1452 1768.
668 1390 877 1437 somnum
909 1388 1160 1435 durabilem
1199 1383 1412 1446 pulsuum
1436 1382 1613 1443 copiam
1639 1382 1844 1430 min-uere
1860 1417 1877 1437 ‚.
1902 1385 1945 1431 &
1967 1400 2130 1445 corpus
2162 1383 2345 1446 refrige-

282 1476 394 1509 rare.
465 1458 692 1506 Omnium
724 1466 910 1501 aetatum
932 1452 1139 1498 cumdem
1166 1449 1245 1496 effe
1273 1449 1482 1496 calorem.
2063 1450 2066 1453 ’

411 1541 467 1587 In
489 1540 542 1585 T.
563 1538 719 1584 XXX.
749 1538 790 1582 &
817 1550 939 1581 anno
969 1540 1102 1592 1769.
1149 1530 1601 1578 Commentariorum
1627 1526 1880 1577 Academiae
1908 1529 2103 1577 Suecicae
2120 1565 2132 1584 ,
2175 1530 2348 1590 experi-

288 1615 441 1653 menta
461 1603 599 1649 habet
623 1602 675 1646 de
702 1600 966 1646 dilatatione
993 1601 1033 1644 ἃ
1057 1596 1366 1644 contractione
1392 1595 1563 1639 alterna
1585 1592 1778 1652 pectoris
1796 1594 1837 1638 &
1861 1592 2103 1653 epigastrii.
2172 1596 2345 1640 Dilata-

285 1671 351 1715 tio
384 1685 409 1714 a
438 1665 730 1727 respiratione
768 1680 792 1709 a
827 1662 1023 1723 vigiliis,
1068 1661 1122 1707 ab
1151 1660 1239 1707 via.
1327 1657 1592 1704 Contractio
1619 1672 1644 1702 a
1674 1653 1866 1717 frigore,
1903 1673 1928 1702 a
1966 1657 2274 1719 purgatione,
2321 1673 2348 1704 a

285 1731 463 1781 sedibus
483 1765 496 1784 ‚
533 1747 557 1776 a
580 1728 739 1789 spiritu
764 1727 877 1773 nitri
902 1726 1039 1772 dulci,

417 1815 551 1859 IDEM
592 1811 679 1859 Vol.
704 1808 935 1856 XXXIV.
966 1808 1074 1854 anni
1108 1818 1241 1865 1773.
1290 1804 1463 1850 Caloris
1504 1802 1781 1848 mutationes
1817 1804 1859 1848 «Sc
1896 1800 2049 1862 pulsus
2086 1802 2137 1849 in
2161 1802 2347 1849 variolis

289 1875 548 1938 persecutus
589 1874 662 1920 est.
768 1874 905 1918 Calor
941 1873 1134 1932 pectoris
1166 1869 1371 1916 summus
1414 1865 1505 1913 fuit
1541 1866 1618 1923 37ο
1642 1899 1653 1918 ,
1701 1867 1845 1912 urinae
1878 1871 1961 1924 40⁰
1991 1900 2004 1920 ‚
2049 1866 2214 1926 pedum
2253 1865 2347 1923 34⁶.

290 1939 449 1988 Pulsus
478 1956 571 1985 non
587 1937 742 1984 eodem
769 1952 959 1982 numero
985 1936 1033 1981 in
1059 1951 1191 1994 carpo
1216 1935 1354 1991 inque
1381 1930 1662 1990 temporibus
1686 1928 1802 1983 fuit,
1840 1931 1974 1976 etiam
2004 1941 2057 1976 ut
2088 1936 2147 1983 68
2174 1929 2228 1975 ad
2257 1935 2317 1984 98
2332 1962 2351 1983 ,r

292 2017 346 2052 ut
372 2013 429 2062 87
454 2005 508 2049 ad
543 2010 640 2056 128.
711 2004 922 2048 Summus
960 2015 1177 2045 numerus
1215 1995 1428 2056 pulsuum
1464 2005 1576 2049 132,
1617 2005 1719 2050 140.
1790 1992 2159 2053 Respirationum
2191 2009 2349 2038 nume-

285 2085 370 2115 „rus
406 2068 459 2113 ad
497 2065 647 2126 pulsus
674 2066 859 2125 iniquus
889 2063 976 2117 est,
1015 2075 1068 2109 ut
1091 2080 1114 2108 a
1140 2068 1203 2120 46
1231 2061 1286 2107 ad
1315 2071 1389 2107 22.
1458 2059 1570 2105 Non
1602 2057 1653 2103 in
1680 2058 1831 2105 eadem
1860 2058 2037 2104 ratione
2059 2055 2265 2103 crescunt
2281 2072 2353 2103 ca-

292 2134 376 2186 lor,
413 2130 624 2193 pulsuum
649 2145 879 2182 numerus,
914 2129 955 2174 &
982 2125 1231 2187 respiratio.

423 2214 479 2260 In
508 2212 637 2258 diarii
666 2212 1162 2258 VANDERMONmANI
1190 2209 1245 2254 T.
1263 2207 1395 2254 XIV.
1430 2223 1468 2253 a.
1497 2210 1614 2262 1761
1638 2237 1652 2257 ,
1696 2217 1766 2251 Du
1789 2203 2054 2251 MONCEAU
2094 2203 2222 2264 (non
2247 2202 2353 2250 Du-

298 2277 513 2332 HAMEL)
550 2275 603 2321 de
638 2291 780 2321 cornu
808 2291 862 2320 ex
893 2272 1064 2319 femore
1088 2273 1249 2332 puellae
1282 2283 1407 2317 nato.

428 2360 663 2406 LORIENT
696 2356 747 2401 de
775 2354 995 2401 costarum
1024 2352 1368 2414 cartilaginibus
1391 2349 1533 2398 offeis.

325 2508 334 2515 ι
389 2443 592 2553 &Jugg‘r
613 2455 667 2510 ex
687 2437 911 2509 ‘relatione
934 2437 975 2498 J.
996 2437 1183 2488 SxmoN,
1215 2434 1268 2480 de
1282 2433 1395 2488 fetu,
1419 2433 1493 2480 cui
1516 2432 1700 2479 deerant
1722 2440 1986 2492 tegumenta
2000 2428 2174 2491 capitis,
2203 2428 2352 2490 persto-2

298 2524 360 2556 ris
466 2522 490 2550 a
558 2517 739 2549 ommis.

426 2589 645 2634 DESSAIX
670 2597 831 2628 manus
858 2581 987 2641 pueri
1015 2577 1251 2634 difformis,
1287 2598 1311 2627 a
1335 2579 1548 2641 chirurgo
1569 2579 1792 2625 corrediae.

432 2668 482 2715 de
513 2668 556 2713 la
577 2666 797 2712 VERGNE
832 2661 950 2709 fetus
981 2663 1075 2717 29⁰.
1102 2660 1251 2708 mense
1277 2661 1493 2708 incisione
1523 2677 1578 2707 ex
1602 2659 1844 2707 abdomine
1874 2656 2077 2704 eductus.

432 2752 756 2799 LANDEUTTE
789 2743 907 2791 fetus
938 2743 1067 2791 crista
1094 2743 1371 2790 Amazonica
1398 2741 1600 2803 insignis.

430 2832 486 2879 T,
501 2830 609 2877 XV.
646 2828 755 2875 anni
782 2833 897 2886 1761
918 2860 930 2880 ,
967 2827 1138 2873 AUBER
1161 2835 1295 2883 caput
1315 2822 1615 2885 semiduplex,
1656 2824 1697 2870 ἃ
1722 2822 1880 2870 oculus
1900 2817 2177 2879 semiduplex
2197 2815 2357 2865 vituli.ss

434 2913 688 2964 MAJQROT
716 2908 835 2963 fetus
858 2909 982 2972 galea
1009 2906 1150 2957 cranii
1182 2904 1443 2953 destitutus..

2207 2995 2350 3077 ΜΑᾙ.
