2531 3394
2183 70 2210 93 Γ

287 103 376 190 533
697 125 972 173 mant.
1038 116 1448 174 ANATOMES
1499 115 1937 168 PERFECTIQ

290 255 476 306 morbis,
542 255 718 303 Duram
743 265 894 302 tamen
915 253 1174 312 meningem
1205 249 1410 308 undique
1438 247 1592 294 cranio
1621 245 1811 294 firmiter
1845 248 2071 296 adhaerere
2102 248 2338 295 immotam

287 320 473 369 fatetur.
541 321 727 366 Motum
753 320 851 379 ejus
877 315 1150 364 membranae
1174 329 1354 360 omnem
1381 310 1462 357 effe
1487 310 1544 357 ab
1575 312 1747 357 arteriis
1771 312 1957 359 cerebri.
2027 313 2261 359 Carotides
2282 310 2339 358 ad

287 383 531 446 ingressum
557 384 606 430 in
628 385 833 429 cranium
865 397 961 427 non
986 379 1178 425 dilatari.
1246 379 1406 424 Motus
1430 373 1782 434 sympatheticos
1808 375 1862 420 ab
1883 376 2032 422 anima
2050 376 2158 429 effe,
2188 391 2285 421 non
2311 391 2338 420 a

287 464 534 496 nervorum
562 447 886 493 commistione.
956 443 1165 490 Animam
1195 441 1251 486 ad
1283 437 1497 500 praevisos
1521 437 1634 484 fines
1661 436 1895 499 sanguinis
1920 450 2073 485 motus
2095 439 2301 500 dirigere.

415 531 491 591 EJ.
530 533 597 576 De
621 540 783 574 natura
811 524 1090 584 musculorum
1110 522 1392 583 praeleeiiones
1420 533 1507 566 tres
1546 517 1745 567 London
1768 531 1902 576 1759.
1935 523 2013 573 8.’⁶
2080 518 2337 580 Descriptio

288 593 506 655 simplex,
543 609 637 638 non
665 590 784 637 falsa.
872 588 942 635 Ad
972 587 1089 633 vires
1110 583 1300 631 musculi
1329 585 1578 632 COWPERI
1622 585 1663 629 ἃ
1698 584 2023 630 BERNOULLH
2063 581 2336 642 hypotheses

290 659 523 718 proponit.
596 660 634 703 A
658 653 890 714 sanguine,
916 649 990 697 sed
1015 662 1231 709 tanquam
1246 664 1271 693 a
1294 646 1493 699 stimulo,
1517 644 1743 692 musculos
1769 647 1957 692 moveri.
2025 646 2214 706 Aliquid
2234 662 2343 692 con-

292 720 409 768 ferre
438 736 636 770 nervos3
671 715 934 763 contrahere
964 712 1090 766 vasa,
1119 710 1275 758 succos
1303 711 1353 756 in
1384 708 1507 756 sedes
1534 710 1728 755 maxime
1760 709 2000 756 irritabiles
2034 710 2301 769 compellere
2319 741 2335 761 ‚

294 787 390 832 vim
419 784 587 830 stimuli
611 780 812 827 definire.
883 779 976 824 Cor
1000 793 1097 822 non
1126 774 1300 821 moveri
1327 790 1352 819 a
1381 775 1621 819 voluntate
1645 791 1656 818 :
1708 774 1916 819 elaterem
1947 771 2140 820 musculi
2166 768 2345 818 differre

295 849 352 894 ab
375 850 470 908 ejus
501 848 549 893 vi
574 844 803 891 voluntati
831 841 1042 900 subjecta.
1112 837 1473 899 Respirationem
1513 836 1569 881 ab
1605 835 1793 881 arbitrio
1832 835 1927 882 effe.
1998 836 2099 883 Post
2134 837 2342 883 GLISSo-

295 925 434 958 NIUM
467 908 763 956 irritabilitati
795 905 912 952 nihil
944 902 1175 956 additum,
1223 913 1384 962 praeter
1417 916 1514 947 non
1543 897 1802 946 necessarias
1837 899 2242 946 demonstrationes
2270 898 2346 944 ad-

293 975 413 1037 gniti
442 974 564 1026 veri,
601 971 674 1017 hic
701 972 885 1016 nimius.

426 1056 663 1105 MICHEL‚
695 1051 864 1099 Medici
886 1046 1254 1108 Monspelienfis‚
1293 1045 1500 1093 nouvelles
1523 1044 1625 1104 obſs.
1644 1043 1725 1103 fiir
1752 1044 1789 1090 le
1809 1044 1938 1106 pouls
1958 1058 2047 1107 par
2074 1056 2231 1107 raport
2255 1060 2345 1091 aux

294 1117 418 1179 cristes
454 1119 573 1165 Paris
601 1128 734 1174 1757.
770 1111 879 1160 12.*
947 1110 1104 1159 Pulsus
1133 1109 1348 1172 Theophili
1372 1109 1423 1155 de
1447 1109 1658 1157 BORDEU
1687 1109 1782 1168 pari
1815 1125 1918 1155 cum
1948 1107 2226 1156 confidentia
2262 1108 2344 1154 do-

294 1196 396 1236 cet,
432 1180 674 1242 pulsusque
698 1178 876 1224 criticos
912 1178 953 1223 &
991 1191 1088 1220 non
1120 1175 1326 1226 criticos,
1359 1172 1519 1218 deinde
1550 1171 1828 1232 cephalicos‚
1859 1174 2103 1231 pediorales
2124 1206 2136 1225 ‚
2168 1184 2346 1218 ventra-

294 1249 359 1294 les
383 1248 463 1292 &c.
495 1245 601 1291 inde
628 1240 779 1303 pulsus
808 1239 961 1286 mistos
989 1237 1215 1284 describit.
1283 1239 1350 1283 Ita
1375 1237 1678 1281 intermittens
1706 1234 1859 1295 pulsus
1883 1252 1985 1282 cum
2020 1235 2155 1297 signis
2183 1235 2343 1281 stoma-

295 1310 413 1357 chici
454 1320 534 1355 aut
569 1305 837 1354 intestinalis
866 1301 1166 1364 compositus,
1218 1301 1425 1348 criticum
1454 1298 1709 1352 vomitum,
1765 1299 2024 1345 criticamve
2073 1298 2346 1346 diarrhoeam

295 1371 514 1435 praesagit.

432 1456 639 1501 Vincentii
661 1453 885 1499 PERALES
919 1449 1074 1496 lettera
1102 1447 1362 1509 apologetica
1390 1449 1433 1491 in
1456 1444 1624 1507 risposta
1652 1442 1722 1491 che
1745 1445 1801 1505 fa
1834 1445 2017 1491 l’autore
2048 1443 2118 1490 del
2144 1447 2345 1491 tirocinio

295 1521 559 1564 veterinario
589 1520 720 1577 sopra
761 1516 803 1561 la
840 1518 993 1561 critica
1026 1513 1134 1559 nella
1169 1516 1239 1559 VI.
1269 1510 1373 1556 delle
1408 1510 1559 1556 lettere
1595 1506 1843 1569 ippiatriche
1871 1508 1941 1554 del
1965 1512 2013 1562 J.
2046 1511 2090 1555 C.
2121 1508 2347 1567 Francesco

295 1583 462 1628 ΒοΝΖι
505 1593 639 1637 1757.
666 1582 739 1632 8.*
804 1578 970 1637 Agitur
998 1576 1051 1622 de
1076 1573 1391 1636 physiologicis
1411 1607 1424 1626 ‚
1460 1574 1514 1619 de
1542 1572 1644 1618 bilis
1676 1572 1724 1620 vi
1766 1572 1891 1619 acida
1924 1583 2005 1618 aut
2038 1572 2253 1624 alcalina‚
2292 1571 2346 1617 de

296 1643 628 1706 significatione
658 1643 783 1688 vocis
809 1640 999 1701 chymus
1031 1642 1072 1686 &
1100 1639 1274 1699 chylus.
1520 1668 1523 1677 ι
1875 1657 1882 1664 ·

427 1724 673 1784 Sammlnng
699 1727 856 1784 einiger
877 1719 1090 1782 Schriften
1116 1736 1201 1765 von
1230 1718 1324 1764 dem
1356 1717 1600 1778 Ursprunge
1623 1715 1699 1763 der
1719 1714 1978 1775 Schicksalen
1997 1715 2074 1763 der
2099 1722 2162 1765 W
2157 1717 2365 1766 undara->

295 1807 405 1849 περι·
429 1788 519 1834 und
541 1784 1012 1849 Zergliederungslcunsl
1052 1796 1187 1842 1757.
1220 1789 1261 1836 8.
1328 1783 1442 1828 Non
1473 1783 1583 1829 vidi.

428 1874 638 1931 Hygieine
673 1868 940 1928 dogmatico-
955 1865 1148 1927 prciflica
1175 1868 1386 1910 rationem
1423 1862 1718 1924 conservandae
1732 1862 1932 1923 sanitatis
1960 1862 2143 1924 corpori}
2176 1859 2351 1908 humemi

300 1947 509 1996 exponens
549 1929 756 1980 Francos,
780 1933 822 1978 δε
846 1927 963 1990 Lips.
989 1941 1123 1987 1757.
1142 1940 1187 1986 4.

424 2019 471 2070 J.
496 2019 635 2060 Henr.
657 2015 830 2066 POTT‚
866 2010 1050 2058 celebris
1077 2008 1358 2070 Chirurgus,
1392 2026 1477 2056 von
1498 2007 1590 2054 dem
1629 2008 1824 2068 Urinfiilz
1853 2006 2002 2053 Berlin
2024 2017 2160 2064 1757.
2183 2018 2229 2064 4.

427 2096 666 2141 Ludovicus
694 2096 950 2141 PALIANUs
1003 2106 1041 2137 a.
1069 2103 1201 2149 1757.
1246 2092 1296 2136 in
1329 2090 1538 2151 Epistolis
1579 2089 1633 2136 ad
1674 2106 1744 2136 me
1776 2099 1963 2140 monet,
2014 2086 2058 2133 se
2089 2084 2239 2133 tuffim
2277 2103 2354 2134 ex-

303 2158 467 2208 torfiffe
506 2157 665 2267 {pigitff
701 2159 800 2204 vini
833 2158 884 2203 in
917 2154 1117 2217 asperam
1155 2157 1365 2202 arteriam
1406 2154 1528 2202 canis
1556 2152 1725 2202 infuso.
1793 2148 2015 2200 Nervum
2035 2151 2087 2197 in
2114 2151 2228 2200 tibia
2260 2167 2351 2198 me-

302 2225 475 2271 dullam
530 2239 558 2268 u
593 2222 624 2266 ii
661 2238 681 2266 e
706 2222 836 2268 vidit.

588 2316 632 2373 §.
670 2317 1021 2364 MCLXVII.
1116 2319 1167 2370 J.
1196 2314 1430 2373 Franciscus
1452 2315 1636 2362 ClGNA.
1706 2311 1780 2361 Μ.
1815 2313 2066 2359 CARBUm.

431 2421 519 2467 Vir
540 2420 608 2467 Cl.
627 2417 931 2465 Taurinenfis.
998 2418 1107 2477 EJus
1141 2416 1200 2462 est
1214 2418 1422 2478 specimen
1440 2430 1523 2478 pro
1551 2420 1813 2478 cooptatione
1843 2419 1887 2461 in
1914 2412 2208 2475 ampliffi'mum
2236 2412 2352 2459 colle-

300 2491 421 2549 gium
449 2483 655 2530 medicum
688 2482 836 2528 Tutin
861 2493 993 2537 1757.
1013 2480 1095 2537 4.*
1160 2481 1263 2527 Pars
1286 2483 1424 2527 altera
1444 2480 1505 2526 est
1531 2481 1584 2526 de
1604 2492 1763 2526 utero:
1798 2491 2004 2526 accurata
2041 2479 2137 2536 ejus
2172 2475 2351 2522 visceris

277 2547 576 2608 'descriptim
612 2546 667 2592 ad
704 2545 891 2591 duc‘tum
922 2543 1132 2600 Ambrofii
1157 2544 1478 2592 BERTRANDI.
1545 2542 1847 2590 Dextrorsum
1884 2542 2104 2587 inclinari.
2174 2538 2355 2585 Tubera

309 2613 516 2672 quaedam
543 2612 584 2656 &
624 2608 857 2656 colliculos
893 2607 942 2652 in
976 2605 1158 2665 gravida
1191 2605 1359 2653 femina
1393 2607 1591 2667 reperiri.
1658 2608 1704 2653 P.
1726 2608 1807 2653 ΙΙΙ.
1846 2605 1907 2651 est
1940 2605 1994 2650 de
2027 2602 2346 2649 irritabilitate.

308 2678 446 2723 Recte
473 2671 619 2727 sensit,
659 2689 713 2718 ex
739 2670 900 2717 nostris
933 2670 1266 2726 experimentis,
1304 2672 1517 2717 STAHL11
1546 2669 1816 2730 hypothesin
1838 2685 1891 2714 ex
1916 2665 2018 2727 ipsis
2044 2665 2352 2711 fundamentis

312 2738 494 2790 subrui,
532 2754 632 2796 quae
659 2734 751 2796 ipsa
778 2733 869 2780 fuit
898 2730 1024 2778 causa
1042 2765 1054 2783 ‚
1088 2748 1167 2777 cur
1192 2744 1319 2778 tanto
1343 2734 1578 2778 molimine
1602 2750 1652 2779 ea
1678 2732 1790 2779 secla
1825 2734 1872 2777 in
1894 2745 1965 2775 me
1985 2730 2102 2775 vires
2122 2726 2222 2773 suas
2244 2743 2353 2773 con-

307 2802 527 2863 junxerit.
597 2800 664 2847 Ab
690 2797 990 2844 irritabilitate
1016 2795 1292 2841 excretiones
1315 2797 1532 2854 partium,
1562 2798 1602 2842 &
1619 2797 1833 2855 plurimas
1857 2798 1962 2838 vitae
1978 2791 2189 2838 humanae
2211 2791 2350 2837 aclio-

309 2880 392 2911 nes
420 2864 605 2910 derivat.
671 2864 851 2909 Nervos
877 2860 1036 2906 vitales
1069 2858 1123 2903 ab
1154 2858 1424 2904 animalibus
1458 2859 1689 2905 distindtos
1727 2874 1823 2904 non
1858 2856 1968 2904 dari.
2039 2855 2218 2916 Cuique
2253 2869 2351 2901 cor-

308 2928 434 2992 ⁴poris
459 2926 649 2977 human-i
672 2926 791 2989 parti
811 2923 946 2976 suurn
971 2920 1051 2970 effe
1079 2920 1135 2969 ad
1163 2932 1307 2970 certos
1337 2922 1541 2971 stimulos
1567 2920 1762 2983 sensumq

2273 3000 2351 3061 ΕΙ.
