2531 3394
871 112 904 174 ς
957 121 1061 176 804.
1130 114 1200 163 Μ.
1238 86 1569 163 ALBERTL
2175 134 2246 185 4³

318 246 394 308 EJ.
433 249 501 293 De
523 245 731 308 fimguine
751 243 884 293 nobili
921 256 1057 304 1745.

318 328 393 390 EJ.
432 331 500 375 De
524 330 630 389 rifits
654 327 865 376 commodo
892 323 951 383 &f
975 323 1232 373 incommodo
1258 327 1302 372 in
1329 327 1550 372 ceconomia
1575 325 1753 372 animali
1789 334 1920 387 1746.
1957 343 2001 390 4.
2038 332 2133 386 HE,

318 411 394 473 EJ.
436 417 500 458 De
523 408 670 472 hepate
684 415 895 472 praecipuo
911 409 1281 471 fhngttfficationis
1307 421 1468 468 organo
1508 417 1641 466 1752.
1679 419 1723 466 4.
1763 408 1856 455 HE.

320 493 390 553 EJ.
437 497 501 539 De
515 492 789 555 graviditate
809 489 1069 555 prolongata
1107 500 1240 547 1755.
1272 501 1317 548 4.
1351 489 1442 535 HF..

321 576 396 631 EJ.
435 581 566 621 Nova
588 573 816 636 paradoxa
835 605 846 623 ‚
883 569 925 616 d.
948 575 973 616 i.
1009 568 1315 632 Verlmndlung
1331 587 1416 616 von
1437 569 1514 616 der
1534 570 1644 618 Seele
1660 570 1728 616 des
1747 571 1987 631 M'enschen,
2027 574 2104 620 der
2128 575 2243 623 Thie.

189 652 238 686 re
260 639 350 685 zmd
373 639 671 701 (lerPflcmzen
707 648 839 693 1707.
866 639 907 687 8.
944 635 1242 681 HTHOMAS.
1295 636 1399 681 Pars
1436 637 1573 680 altera
1605 645 1740 693 1720.
1773 638 1851 689 8.*
1917 639 2103 684 Animas
2143 639 2246 686 bru-

191 715 344 750 torum
379 702 643 748 animalium
660 697 767 744 facit
783 698 1127 751 immateriales,
1164 699 1473 750 immortales,
1513 710 1637 758 aptas
1666 716 1860 758 peccare.
1928 701 2010 747 Per
2030 700 2247 748 sternuta-

191 768 363 814 tionem
396 769 435 812 &
475 765 709 810 internum
739 761 979 822 quemdam
1010 759 1191 808 sensum
1220 759 1332 822 saepe
1367 758 1411 807 se
1445 762 1499 808 de
1538 761 1795 822 hospitibus
1832 765 1874 810 ἅτ
1907 766 2047 812 literis
2083 765 2250 811 adven-

193 831 396 877 tantibus
416 829 644 873 monitum
672 824 798 872 fuili'e
814 860 826 879 ‚
863 842 963 886 quae
988 823 1200 885 praesagia
1225 824 1313 872 fint
1340 825 1526 886 vestigia
1552 827 1732 886 antiqui
1757 829 1919 876 animae
1950 841 2054 875 ante
2076 827 2251 888 lapsum

194 893 470 955 splendoris:
511 890 606 936 haec
639 893 680 936 ὁὶ
714 891 798 936 alia
828 906 910 950 pro
935 887 1065 935 sensu
1098 890 1260 935 animae
1295 890 1478 936 interno
1509 888 1691 950 profert.
1761 893 1846 938 Pro
1878 893 1973 953 ejus
2007 895 2168 938 animae
2199 895 2249 938 in

192 972 352 1016 corpus
370 956 559 1015 imperio
576 989 588 1008 ‚
620 957 662 1001 δι
693 951 949 1000 differentia
976 954 1098 1000 inter
1114 954 1341 1000 rationem
1355 973 1369 1006 3
1405 955 1536 1014 cujus
1562 954 1673 1000 ideae
1691 954 1746 1000 ab
1766 956 1916 1002 anima
1942 956 2156 1016 explicari
2174 972 2252 1002 ne-

190 1031 358 1081 queant
385 1021 425 1065 &
457 1019 765 1065 ratiocinium.
833 1019 904 1064 De
933 1017 1144 1064 monstris
1174 1019 1462 1078 plantarum,
1498 1018 1761 1065 animalium
1791 1022 1966 1067 aemulis
1993 1022 2076 1067 ἃς.

313 1101 387 1161 EJ.
422 1099 683 1147 Introduei'io
708 1104 753 1146 in
770 1099 1014 1157 uni-versam
1036 1099 1287 1145 medicinam
1313 1110 1404 1145 tam
1423 1097 1698 1147 theoreticam
1723 1118 1851 1162 quam
1864 1103 2101 1165 prafficam
2124 1101 2248 1149 Hall.

195 1170 330 1222 1718.
352 1163 433 1223 4*
499 1167 707 1212 STAHLH
730 1164 894 1224 placita
919 1164 1118 1209 breviter
1147 1164 1380 1224 proponit.

316 1246 391 1306 EJ.
431 1243 737 1305 Medicinische
758 1245 848 1291 und
868 1242 1193 1307 philofhphifihe
1224 1242 1438 1305 Schriften
1469 1246 1589 1292 Hall.
1618 1258 1753 1305 1721.
1781 1248 1856 1302 8.*
1921 1249 2011 1296 Hic
2045 1249 2255 1296 contine-I

189 1321 264 1357 tur
299 1307 589 1370 Abhandlung
628 1326 714 1355 von
759 1309 836 1355 der
876 1310 988 1355 Seele
1030 1308 1109 1354 der
1142 1307 1371 1366 ,Menschen
1395 1344 1407 1362 ‚
1466 1310 1545 1355 der
1593 1309 1743 1357 Thiere
1778 1312 1870 1358 und
1908 1312 1986 1359 der
2025 1314 2248 1375 Pflanzen.

188 1372 298 1433 Ipfis
327 1375 488 1433 plantis
519 1375 577 1420 ob
606 1373 908 1434 vegetationis
938 1373 1115 1419 bonum
1141 1372 1348 1420 ordinem
1378 1375 1419 1420 δι
1447 1371 1669 1421 fabricam
1702 1376 1811 1422 νεὲῖε
1843 1379 2129 1439 organifhtam
2155 1378 2252 1425 ani-

188 1453 307 1483 mam
336 1438 513 1484 tribuit.

317 1520 375 1566 In
401 1521 430 1566 l.
458 1518 508 1565 de
525 1518 791 1581 pedantz'smo
818 1519 976 1566 medico
1010 1526 1144 1578 1708.
1169 1518 1276 1566 edit.
1303 1519 1439 1566 etiam
1468 1532 1713 1568 anatomen
1738 1521 1793 1569 ad
1809 1522 1856 1569 id
1880 1523 2049 1572 vitium
2071 1523 2228 1574 refert.

316 1601 388 1647 De
412 1599 498 1647 usu
532 1604 573 1649 ὃς
604 1599 747 1648 abusu
778 1595 1071 1648 mechanismi
1097 1602 1146 1648 in
1172 1601 1440 1662 corporibus
1471 1603 1759 1651 animalibus.

316 1684 387 1729 De
420 1700 537 1730 vana
569 1685 610 1730 &
646 1683 854 1744 imperita
885 1682 1022 1729 studii
1058 1682 1311 1730 mechanici
1346 1684 1644 1746 adplicatione
1682 1686 1738 1732 ad
1774 1686 2061 1734 medicinam.
2147 1689 2250 1736 Hoc

188 1747 402 1795 acerbum
431 1746 667 1808 scriptum.

317 1825 543 1875 Vindiciae
571 1830 880 1877 STAHLIANAE
905 1827 1216 1877 invasionibus
1230 1831 1486 1879 HEISTERI
1513 1831 1757 1893 oppositae:
1799 1832 2011 1882 adversus
2035 1835 2251 1883 HEISTssa·

191 1908 245 1940 ιιι
276 1893 330 1939 de
368 1893 678 1940 masticatione
723 1892 832 1953 disp.
870 1895 1027 1940 acerba
1069 1896 1111 1940 ἃ
1153 1896 1331 1941 inutilis
1379 1896 1429 1941 in
1461 1893 1708 1944 feliciorem
1748 1901 1964 1945 aemulum
2001 1900 2246 1947 cavillatio,

189 1957 302 2003 Ecce
345 1959 632 2017 exemplum;
677 1958 970 2005 HEISTERUS
1000 1958 1124 2004 cibos
1154 1961 1204 2005 in
1237 1957 1557 2007 minutiffimas
1596 1962 1837 2020 particulas
1868 1962 2033 2010 resolvi
2069 1961 2249 2024 scripse-

188 2026 289 2068 'ratt
324 2019 566 2081 respondet
589 2021 767 2074 noster,
801 2037 873 2068 eas
907 2023 1149 2082 particulas
1174 2039 1272 2069 non
1299 2022 1379 2069 effe
1402 2023 1735 2073 minutiffimas.

316 2104 390 2164 EJ.
430 2105 500 2150 De
521 2104 710 2150 occultis
737 2116 912 2150 naturae
932 2102 1143 2150 humanae
1170 2101 1419 2152 effectibus.
1488 2107 1646 2154 Credit
1668 2108 1890 2180 virgulam
1910 2108 2246 2155 divinator-iam.

191 2167 366 2214 Patrem
397 2166 668 2221 macescere,
718 2167 827 2214 dum
863 2183 976 2228 puer
1011 2170 1063 2214 in
1099 2169 1256 2216 matris
1293 2182 1426 2217 utero
1456 2173 1617 2218 octavo
1655 2173 1804 2219 menie
1835 2174 2114 2220 incrementa
2157 2187 2249 2218 ma-

191 2248 290 2292 jora
325 2243 456 2292 capit.

322 2312 656 2359 Adnotationes
689 2313 866 2374 aliquae.
933 2312 1116 2362 Menses
1140 2330 1220 2375 per
1245 2311 1458 2363 sudorem
1494 2315 1793 2380 sanguineum
1830 2318 2027 2381 pedum:
2076 2316 2249 2366 menses

190 2376 240 2423 in
265 2376 403 2424 vidua
435 2383 505 2435 58.
533 2393 760 2424 annorum
793 2380 875 2426 Sec.

322 2455 523 2506 Manent
554 2470 700 2512 certe,
739 2462 820 2520 qui
850 2461 1003 2507 virum
1035 2472 1218 2515 amant,
1254 2460 1394 2522 hujus
1434 2464 1713 2512 collectionis
1753 2465 1945 2511 omnino
1986 2477 2248 2526 perpetuam

193 2519 560 2581 suppressionem.
638 2525 792 2570 Multo
819 2526 980 2571 melius
1009 2528 1197 2571 meritus
1233 2526 1294 2572 est
1318 2525 1539 2587 systemate
1573 2526 1653 2575 suo
1676 2529 2023 2592 jurzkprudentiae
2060 2528 2246 2580 medica,

195 2586 326 2645 eujus
357 2596 554 2645 quatuor
577 2587 774 2646 primurn
798 2590 913 2635 tomi
944 2589 1230 2649 prodierunt.

321 2667 377 2713 In
400 2668 456 2713 T.
473 2667 506 2713 I.
540 2668 660 2714 Hall.
682 2680 816 2726 1725.
845 2681 890 2728 4.
923 2671 1098 2717 auctius
1129 2669 1285 2718 recuso
1321 2679 1454 2731 1736.
1478 2671 1559 2733 4*
1584 2673 1800 2735 systema,
1838 2674 1962 2735 quod
1994 2674 2154 2720 titulus
2180 2674 2251 2718 in-

195 2729 339 2784 dicat,
369 2732 628 2791 praemittit,
660 2732 821 2779 deinde
846 2733 1099 2794 sequuntur
1131 2734 1256 2783 casus
1277 2770 1289 2790 ‚
1325 2750 1378 2784 ut
1411 2750 1603 2793 vocant,
1650 2757 1706 2785 ex
1734 2737 2013 2785 Hallensium
2054 2737 2250 2782 medico-

194 2811 296 2841 rum
320 2796 427 2841 aetis
460 2793 622 2849 sumti,
655 2797 705 2842 in
732 2797 900 2857 quibus
932 2810 1050 2845 cette
1074 2796 1297 2847 fincerum
1315 2834 1328 2854 ‚
1362 2803 1404 2848 ἃ
1427 2802 1482 2848 ab
1510 2803 1770 2850 adulatione
1800 2802 1935 2847 nimis
1973 2813 2150 2860 recepta
2184 2816 2252 2845 re-

195 2871 374 2904 motum
407 2860 612 2906 animum
650 2861 737 2906 viri
763 2862 917 2923 magni
942 2860 1076 2909 facio.
1169 2865 1399 2912 Caeterum
1423 2867 1478 2913 ad
1505 2869 1719 2918 vulnera,
1757 2863 2070 2917 infanticidia,
2107 2865 2252 2922 impo-

197 2925 410 2974 tentiam,
447 2921 724 2970 sterilitatem
741 2959 751 2978 ‚
790 2938 993 2985 tempora
1018 2939 1173 2986 partus
1198 2926 1319 2977 facit.
1387 2931 1559 2979 Naevos
1582 2947 1636 2977 ex
1656 2941 1825 2976 terrore
1846 2929 2053 2976 credulus
2074 2927 2249 2986 recipit.

196 2983 269 3032 De
288 2985 482 3047 hymene
508 2989 560 3035 in
589 3000 838 3051 utrumque
865 2988 1060 3039 sensum.
2196 3021 2251 3068 In
