2531 3394
716 115 785 165 ·§.
830 117 947 166 1288
983 137 1043 145 -—-
1087 122 1218 168 1290:
1289 111 1639 162 ROUSSEL.
1968 187 1970 189 Ι
2157 123 2256 174 719

913 256 960 316 §-
998 258 1216 308 Mccx
1231 259 1282 305 0.
1368 242 1372 257 ²
1388 257 1512 307 eam.

318 360 364 411 J.
386 354 576 419 Philippi
599 357 819 410 MARAT,
854 357 921 403 M.
945 357 1004 403 D.
1038 355 1090 404 de
1115 352 1308 402 l’homme
1334 353 1393 411 ἓξ
1416 354 1487 402 des
1510 359 1726 419 principes
1753 355 1812 414 ἓξ
1837 358 1907 405 des
1941 360 2031 409 loix
2061 359 2114 408 de
2146 359 2246 408 [Ἴνν-

183 421 352 485 fluenc'e
376 421 428 467 de
447 421 571 466 l’ume
592 421 672 481 sur
690 422 727 467 le
755 433 875 481 corps
896 417 955 475 ἐξ
985 418 1043 465 du
1072 432 1194 480 corps
1214 419 1296 477 sur
1318 419 1442 466 l’ame
1465 420 1521 467 T.
1538 421 1571 467 1.
1603 423 1646 468 &
1671 423 1730 469 11.
1767 423 1984 472 Amsterd.
2008 437 2143 483 1775.
2169 425 2246 480 8.*

130 519 134 522 -
192 486 299 532 Ρ313
324 486 468 546 major
486 485 640 545 potius
654 481 945 544 metaphyfici
962 482 1023 528 est
1040 484 1325 544 argumenti,
1359 485 1409 530 in
1424 484 1573 544 primo
1592 501 1701 532 vero
1721 487 1957 534 volumine
1977 491 2121 536 multa
2137 487 2247 536 sunt

191 547 497 609 physiologica
511 549 869 595 autanatomica.
937 546 1111 593 Audior
1126 547 1177 593 111
1194 549 1334 601 ahos,
1357 548 1490 594 etiam
1514 549 1553 595 le
1566 550 1794 604 CATlUM,
1825 552 1937 599 acris
1956 553 2095 612 judex
2111 587 2123 605 ,
2152 551 2245 613 ipse

191 625 345 660 tamen
363 611 443 659 sibi
457 614 497 659 &
517 628 671 672 parum
688 610 872 671 quidem
886 607 1038 657 firmas
1052 609 1321 671 hypotheses
1337 612 1573 672 permittit,
1595 615 1632 660 8<
1655 613 1863 661 vitiosam
1883 629 2140 662 anatomcn.
2177 619 2246 662 Ita

190 675 353 724 fibram
370 674 667 723 muscularem
692 674 913 735 depingit,
946 685 999 721 ut
1027 690 1082 720 ex
1107 673 1232 723 fibris
1251 674 1525 736 simplicibus
1553 680 1770 737 parallelis
1795 679 2054 733 adunatam,
2089 696 2243 725 cavam

191 740 476 801 cylindrum,
513 739 645 800 quale
665 736 760 785 fere
787 750 885 784 erat
904 755 983 786 vas
1010 739 1207 800 primum
1228 740 1569 790 BOERHAAVII.
1650 743 1855 803 Corpus,
1893 745 1933 790 &
1950 746 1999 789 in
2029 744 2241 790 omnibus

189 803 282 851 suis
307 804 514 865 partibus
530 837 543 856 ,
566 800 764 849 sentiret
803 800 1104 849 sensationem
1118 815 1270 850 tamen
1295 820 1372 864 per
1388 820 1555 852 nervos
1577 806 1633 852 ad
1665 807 1861 853 animam
1891 806 2067 854 deferri.
2135 808 2247 853 Ani-

186 885 277 915 ,mae
305 871 348 915 &
368 866 635 914 sensationis
659 865 806 912 sedem
825 866 876 913 in
901 867 1192 928 meningibus
1219 866 1332 920 effe;
1380 884 1544 916 nervos
1579 886 1634 916 ex
1657 872 1948 931 meningibus
1973 871 2109 924 oriri,
2147 888 2243 917 non

190 950 245 980 ex
267 931 479 978 medulla.
546 930 848 991 Meningibus
864 931 1022 977 ablatis
1040 932 1271 978 cerebrum
1293 948 1390 978 11011
1407 930 1586 979 sentire.
1658 933 1906 982 Cellulosas
1931 938 2041 983 telas
2069 952 2124 981 ex
2143 952 2244 981 ner-

186 997 257 1045 vis
270 995 475 1057 produci.
542 994 756 1041 Fluidum
776 1011 995 1042 nerveum
1019 993 1225 1041 insenssso
1246 994 1342 1049 effe,
1366 1013 1420 1042 ex
1439 998 1717 1046 MARIOTTx
1746 1000 2070 1059 experimento.
2126 1000 2245 1046 Ner-

186 1077 247 1108 vo
278 1057 488 1106 deorsum
510 1058 686 1112 stridio,
722 1057 800 1105 etsi
826 1058 1153 1119 conprimitur‚
1190 1071 1345 1106 tamen
1368 1061 1415 1106 in
1439 1059 1643 1107 musculo
1667 1060 1858 1110 inferius
1882 1080 2024 1111 nervo
2040 1062 2243 1124 subjecfio

185 1137 366 1172 motum
401 1124 524 1170 oriri.
585 1122 799 1169 Fluidum
829 1138 1079 1168 nervorum
1105 1124 1380 1184 principium
1399 1137 1553 1171 motus
1583 1123 1663 1171 effe
1682 1160 1693 1179 ,
1730 1129 1771 1173 &
1794 1129 2063 1175 nutritionis
2079 1144 2242 1174 nervo-

185 1205 315 1235 rum:
350 1188 446 1248 ejus
464 1184 751 1246 spirituosam
764 1196 935 1246 partem
950 1184 1047 1240 effe,
1078 1188 1121 1234 &
1142 1189 1327 1234 alteram
1340 1187 1650 1248 gelatinosam.
1718 1192 1979 1239 Nervorum
1998 1193 2148 1253 aliqua
2166 1192 2240 1238 de-

184 1251 387 1312 scriptio.
458 1250 627 1309 Quinti
658 1250 776 1310 paris
806 1250 1009 1310 primum
1023 1267 1200 1298 ramum
1218 1252 1412 1299 radicem
1428 1252 1590 1299 addere
1612 1270 1754 1301 nervo
1767 1254 2046 1316 sympathico
2059 1257 2235 1316 majori.

186 1314 369 1362 Viscera
393 1313 638 1375 sanguinea
662 1326 815 1360 tamen
841 1312 973 1361 sensu
1000 1331 1160 1361 carere.
1230 1316 1416 1362 Fabriea
1455 1315 1581 1363 fibrae
1612 1317 1901 1374 muscularis,
1939 1322 2107 1367 alterne
2140 1321 2238 1367 bul-

185 1379 241 1427 lis
262 1379 451 1440 liquoris
482 1377 583 1425 fieri
607 1380 649 1424 &
670 1379 805 1424 bullis
827 1379 992 1432 aereis,
1030 1378 1162 1425 etiam
1182 1379 1232 1425 in
1251 1379 1395 1426 icone.
1464 1382 1604 1442 Leges
1630 1395 1782 1430 motus
1807 1385 2032 1435 animalis.
2081 1385 2236 1431 Fibras

185 1459 240 1490 eo
265 1445 408 1504 magis
438 1442 667 1501 energicas
698 1440 805 1495 effe,
842 1459 934 1502 quo
955 1443 1184 1505 longiores
1201 1441 1311 1491 sunt
1333 1446 1374 1490 &
1404 1446 1650 1493 tenuiore&
1730 1449 1795 1493 Eo
1817 1450 1956 1509 magis
1977 1449 2237 1508 energicum

181 1506 375 1554 fluidum
388 1522 636 1554 nervorum
649 1504 746 1560 effe,
775 1523 867 1567 quo
883 1507 1068 1554 tenuius
1088 1525 1099 1553 ε
1137 1524 1190 1553 eo
1206 1507 1470 1554 debiliorem
1487 1507 1661 1563 fibram,
1689 1528 1780 1571 quo
1804 1513 1904 1572 plus
1927 1512 2041 1559 inest
2057 1513 2233 1573 liquidi.

313 1589 370 1635 In
390 1589 438 1635 L.
455 1588 513 1634 ΙΙ.
543 1587 597 1634 de
619 1589 893 1650 animasagit,
912 1589 1227 1636 intercurrunt
1243 1601 1398 1636 tamen
1417 1591 1566 1651 aliqua
1589 1590 1907 1653 phyfiologica.
1961 1595 2234 1640 Memoriam

179 1653 230 1701 in
258 1653 412 1700 anima
433 1650 646 1706 residere,
682 1648 846 1699 non'in
863 1669 1077 1713 cor-pore,
1114 1670 1262 1714 neque
1289 1653 1542 1715 catalepfin.
1612 1657 1752 1702 Porro
1781 1659 1833 1703 de
1858 1659 1992 1703 animi
2019 1657 2231 1704 adfedlio-

178 1716 343 1770 nibus,
381 1732 534 1762 earum
553 1713 970 1777 fignis,.effecstibus
988 1750 1001 1770 ,
1039 1718 1174 1764 etiam
1194 1721 1435 1778 corporeis,
1473 1721 1515 1765 82
1544 1720 1730 1780 reliquis
1762 1724 1929 1769 mentis
1957 1723 2232 1782 operationi-

173 1780 289 1834 bus,
327 1780 471 1840 deque
497 1781 699 1841 corporis
726 1781 776 1827 in
808 1797 884 1828 eas
904 1781 1114 1829 influxu:
1152 1799 1320 1843 organa
1345 1784 1467 1829 enim
1496 1800 1579 1831 nos
1604 1783 1746 1830 facere
1762 1784 1997 1845 sapientes,
2025 1787 2232 1846 ingenio-

174 1843 275 1898 sos,
309 1844 546 1898 adtentos,
581 1844 745 1906 justos,
766 1843 965 1906 sagaces,
990 1849 1032 1892 &
1054 1858 1228 1893 contra,
1299 1848 1353 1894 Se
1377 1846 1556 1901 vidiffe,
1584 1865 1690 1894 cum
1710 1861 1900 1909 trepano
1925 1852 2115 1896 calvaria
2138 1867 2231 1910 per-

100 1910 105 1914 ’
174 1906 321 1955 forata
345 1906 518 1962 fuisset,
555 1909 715 1956 leviter
731 1908 1030 1969 compress'um
1060 1911 1292 1960 cerebrum
1326 1913 1469 1958 levem
1493 1910 1638 1959 facere
1663 1912 2082 1961 dormituritionem
2098 1949 2110 1969 ,
2139 1913 2232 1961 for-

174 1972 282 2020 titer
307 1971 499 2033 preffum
524 1970 730 2034 soporem
763 1976 804 2021 ἃ
829 1972 1058 2022 somnum.

303 2055 488 2102 COTTE
530 2055 822 2118 meteorologie
863 2057 986 2104 Paris
1017 2068 1152 2117 1774.
1178 2058 1258 2117 4.*
1325 2059 1507 2106 Animal
1551 2060 1606 2106 ab
1648 2062 1852 2108 eledirieo
1899 2063 1991 2115 idlu
2032 2061 2228 2109 occisum

172 2117 313 2166 fimile
331 2119 607 2229 {isaiiimali-
627 2121 678 2167 in
694 2136 840 2167 vacuo
860 2133 1062 2182 peremto
1076 2141 1091 2176 3
1129 2125 1287 2183 pulmo
1314 2124 1356 2171 ei
1380 2122 1600 2185 collapsus
1619 2159 1631 2178 ,
1665 2124 1846 2186 sanguis
1870 2127 1917 2173 in
1945 2129 2136 2187 potioris
2160 2143 2227 2173 ea-

168 2200 279 2230 vum
308 2201 346 2230 el
373 2201 399 2230 u
425 2201 490 2230 us.

303 2266 469 2312 COSTE
499 2266 605 2325 jun.
636 2266 696 2312 du
719 2284 852 2328 genre
881 2267 934 2314 de
951 2266 1206 2331 philosophie
1234 2283 1393 2333 propre
1419 2272 1622 2318 [ll'etude
1648 2271 1708 2329 ἐξ
1739 2275 1762 2318 ἡ
1790 2273 2059 2335 l.1pratiqne
2091 2273 2143 2319 de
2181 2275 2223 2320 la

170 2328 373 2374 me'decine
402 2332 567 2390 Nancy
608 2343 743 2388 1775.
785 2337 833 2384 8‘.

298 2411 507 2458 GIRAUD
548 2412 595 2457 in
618 2413 843 2475 lztpiologie
875 2415 996 2462 Paris
1034 2427 1170 2474 1774.
1202 2416 1311 2465 1:³0*
1344 2419 1397 2464 ad
1439 2436 1663 2480 qua-mque
1698 2433 1870 2480 partun
1899 2421 2102 2482 corporis
2145 2423 2221 2468 ali-

170 2491 303 2534 quam
334 2489 578 2521 anatomen
614 2477 753 2523 addit.

294 2558 549 2604 SAVERlEN
589 2556 751 2617 histoire
784 2559 855 2606 des
879 2562 1055 2622 progre's
1095 2562 1146 2607 de
1183 2562 1344 2624 l’esprit
1380 2563 1553 2612 limmtin
1591 2567 1698 2614 dans
1726 2568 1784 2613 les
1808 2566 1991 2626 sliences
2030 2568 2218 2614 nam-eh

166 2621 231 2669 les·
255 2646 317 2655 ·-
329 2621 483 2679 fizvoir
504 2647 565 2654 —-
593 2623 840 2670 l'aeconomje
865 2626 1048 2671 animle
1077 2624 1170 2681 553.
1210 2627 1332 2675 Paris
1353 2642 1485 2688 1775.
1525 2638 1564 2684 8.

292 2704 549 2757 ROUSSEL,
584 2706 643 2750 D.
670 2706 737 2751 M.
759 2741 778 2759 ,.
808 2709 981 2765 Systeme
1003 2706 1204 2769 plryfique
1234 2708 1293 2765 {⁶5
1327 2713 1468 2758 moral
1498 2713 1547 2757 de
1575 2714 1619 2758 la
1638 2713 1794 2773 femme
1836 2731 1889 2760 ou
1923 2713 2096 2760 adalam
2122 2714 2214 2776 plut

166 2765 402 2829 Iosophique
444 2769 496 2814 de
524 2770 646 2814 l’etat
674 2776 905 2831 organiqne
933 2770 992 2816 du
1009 2783 1312 2833 temperament
1341 2776 1413 2821 des
1443 2794 1591 2822 mceurs
1619 2777 1677 2832 ἐξ
1708 2778 1779 2823 des
1803 2778 2024 2838 fonsswnss
2040 2793 2224 2840 yffi-cepres*

167 2830 343 2888 dufiexe
377 2834 497 2879 Paris
524 2846 655 2890 1775.
685 2834 790 2879 12*
826 2836 892 2881 Ex
910 2832 1060 2881 schola
1089 2837 1126 2882 le
1142 2838 1317 2892 CAzJ-r,
1349 2842 1389 2885 &
1414 2857 1467 2886 ex
1485 2844 1798 2894 STAHMANA,
1823 2858 1979 2900 parum
2002 2856 2216 2891 caeterum

167 2894 476 2944 consentiente
502 2910 720 2958 utraque,
749 2899 799 2944 in·
821 2897 1106 2947 mechanicos
1132 2899 1255 2962 asper
1275 2905 1317 2950 &
1347 2904 1567 2957 incivilis,
1606 2906 1653 2950 in
1680 2905 1935 2952 tribuendis
1952 2907 2109 2955 alienis
2134 2907 2226 2955 ho-

166 2958 367 3007 minibus
394 2963 585 3010 aliorum
612 2964 813 3011 inventis
845 2963 1034 3024 iniquus
1052 2998 1064 3018 ,
1101 2977 1330 3015 anatomes
1355 2969 1536 3029 ignarus
1556 3002 1566 3022 ,
1594 2971 1653 3015 χὃς
1680 2972 1908 3017 erroribus
1930 2969 2116 3019 liniatus
2138 2977 2215 3019 vix

2061 3038 2224 3086 nostro-
