2531 3394
585 140 635 200 ς,
676 154 798 204 1094
828 168 887 178 -
921 100 1054 204 1037.
1098 141 1404 211 tomus.
1470 112 1903 228 stamma
2175 148 2286 212 429·

217 273 422 338 gaudere.
490 273 763 322 Irritationis
795 273 887 322 vim
918 273 1168 322 decrescere
1185 273 1310 320 'dum
1341 272 1552 321 stimulus
1578 287 1804 336 operatur.
1869 279 2152 329 Irritabilitas
2197 282 2267 329 ni-

215 339 306 385 mia
331 336 362 384 s.
387 337 668 386 erethismus.
736 339 805 386 Ex
827 338 940 386 fibra
964 349 1344 399 temperamenta,
1380 336 1454 384 sed
1479 339 1616 384 etiam
1649 356 1703 385 ex
1730 339 2016 390 humoribus.
2109 351 2266 392 Atram

214 402 350 448 bilem
376 404 535 463 recipit
565 405 606 449 &
638 402 874 449 hominum
899 399 1168 449 discrimina.
1239 402 1464 448 Graviora
1492 405 1532 449 &
1557 402 1762 449 densiora
1783 403 1863 450 effe
1887 421 2073 467 corpora
2098 411 2268 470 agrico-

215 467 389 520 larum,
424 469 464 513 ἃ
486 467 534 512 in
556 482 671 528 aqua
700 467 841 528 magis
868 462 1104 512 subsidere.
1175 465 1312 512 Calor
1338 465 1400 512 est
1428 483 1452 512 a
1479 464 1688 513 frictione
1719 467 1983 516 humorum.

340 549 413 608 EJ.
453 545 803 595 Demelancholia
820 543 880 602 ἓξ
891 543 1193 594 melancholicis
1204 547 1257 594 T.
1271 547 1306 594 Ι.
1337 546 1472 594 Paris.
1500 555 1630 606 1765.
1652 548 1731 603 8.*
1798 551 1913 597 Eum
1937 551 2148 598 morbum
2165 570 2262 612 par-

215 612 297 658 tim
313 629 334 657 a
350 611 774 659 nimiumsentiente
795 609 910 657 fibra
925 609 1020 664 effe,
1044 628 1179 671 quam
1211 609 1383 658 tensam
1405 625 1537 658 vocat
1557 632 1569 664 3
1603 624 1715 659 tunc
1727 614 1865 660 alium
1879 614 1995 661 elsea
2011 617 2269 662 melancho-

214 677 274 722 lia
297 674 537 723 humorali.
588 675 803 734 Exempla
815 690 1061 721 nervorum
1076 675 1211 722 nimis
1226 673 1459 721 tensorum
1476 693 1578 722 vere
1591 678 1790 737 reperiri,
1822 689 1919 724 tum
1943 680 2074 725 bilem
2095 691 2234 726 atram
2248 714 2264 734 ‚

213 741 390 799 piceum
424 755 582 800 nempe
613 741 656 785 δε
690 739 872 799 nigrum
891 739 943 785 in
972 737 1191 801 sanguine
1214 737 1542 787 subalcalinurn
1572 739 1828 789 humorem.
1896 743 2009 790 Dari
2034 743 2084 789 in
2104 742 2269 791 humo-

212 804 340 850 ribus
374 802 682 850 acescentiam.

338 886 393 933 T.
417 885 475 931 ΙΙ.
511 884 572 930 ib.
602 883 759 930 eodem
784 901 906 931 anno
934 884 1056 932 edito
1083 886 1190 932 mali
1213 885 1496 933 curationem
1524 886 1746 935 continet.

341 967 415 1027 EJ.
452 967 740 1013 SANCToun
768 965 982 1026 (lestatica
1006 967 1215 1014 medicina
1227 965 1452 1028 aphorifini
1484 967 1617 1016 Paris.
1636 983 1770 1028 1770.
1792 969 1865 1024 8.*
1898 971 1968 1017 De
1984 972 2267 1022 SANcronu

206 1030 347 1084 vitiis,
373 1029 787 1090 quiinhalationem
806 1031 1099 1090 ignoraverit.
1145 1031 1216 1077 Ad
1234 1048 1459 1092 quamque
1477 1031 1724 1079 seetionem
1737 1035 1885 1094 operis
1902 1037 2263 1088 SANCTQRIANI

207 1095 474 1142 introdudtu
505 1091 822 1154 physiologica.
892 1090 1051 1140 Paffim
1080 1107 1201 1142 notae
1223 1095 1405 1155 adjeetae
1429 1097 1594 1156 quibus
1613 1095 1803 1144 subinde
1829 1100 1946 1159 leges
1974 1102 2265 1150 SANCTORH

207 1159 556 1220 restringuntur.
623 1157 694 1202 De
719 1157 925 1217 unguine
949 1170 1158 1205 cutaneo.
1228 1159 1379 1206 Partes
1405 1161 1611 1207 animalis
1634 1160 1797 1208 solidas
1823 1178 1919 1208 non
1945 1165 2125 1211 mutari.

336 1241 391 1286 In
418 1237 610 1294 Journal
637 1237 688 1284 de
719 1238 938 1285 Me'de'cine
968 1239 1023 1286 T.
1046 1241 1102 1287 V.
1123 1241 1430 1301 experimenta
1448 1276 1459 1295 ‚
1497 1259 1598 1302 quae
1620 1242 1725 1290 fecit
1747 1244 1802 1289 ad
1831 1242 2009 1291 sensum
2034 1258 2256 1294 certarum

207 1306 403 1365 partium
425 1337 436 1356 ‚
474 1305 515 1348 &
536 1302 590 1348 ad
615 1303 964 1349 irritabilitatem
988 1304 1296 1366 detegendam.
1365 1308 1478 1353 Non
1498 1306 1670 1367 separat
1691 1306 1870 1354 sensum
1900 1309 1956 1355 ab
1987 1309 2265 1358 irritatione.

202 1371 377 1415 Duram
388 1366 699 1412 membranam
721 1367 852 1413 valde
874 1366 1139 1414 sentientem
1164 1368 1286 1422 facit,
1311 1386 1408 1416 non
1434 1371 1494 1417 ita
1520 1372 1819 1430 peritonaeum
1835 1407 1847 1425 ‚
1881 1389 2028 1433 neque
2044 1375 2262 1420 membra-

204 1448 309 1479 nam
339 1432 606 1477 exteriorem
630 1431 975 1485 intestinorum,
1019 1449 1165 1493 neque
1200 1434 1483 1480 membranas
1516 1433 1751 1481 viscerum.
1835 1438 2011 1483 Sentire
2042 1438 2265 1484 membra-³

206 1512 286 1542 nas
312 1496 529 1541 internas.
599 1493 783 1541 Viscera
818 1494 911 1555 ipsa
942 1513 1102 1557 parum
1134 1495 1321 1550 sentire,
1359 1496 1416 1543 fic
1450 1514 1597 1558 neque
1623 1499 1923 1558 pericardium
1962 1503 2003 1547 ἃ
2036 1502 2261 1548 mediasti-
2330 1528 2331 1531 =

204 1576 317 1606 num
338 1593 351 1612 ,
389 1560 591 1619 pleuram
622 1559 796 1618 utique.
865 1560 957 1606 Cor
989 1576 1086 1606 non
1117 1559 1308 1614 sentire,
1340 1578 1487 1622 neque
1511 1564 1708 1609 arterias.
1778 1565 1890 1610 Non
1920 1563 2085 1611 sentire
2112 1566 2258 1612 tendi-

203 1640 306 1670 nem
332 1624 608 1674 relaxatum,
646 1620 824 1668 tensum
845 1621 1035 1678 sentire,
1073 1641 1169 1671 non
1203 1638 1357 1672 tamen
1382 1642 1558 1672 venena
1591 1626 1802 1674 chemica.
1893 1629 2097 1674 Omnem
2121 1642 2261 1675 retra-

203 1688 401 1734 &tionem
431 1685 708 1732 dissediarum
736 1688 1100 1734 membranarum
1131 1689 1187 1735 ad
1215 1690 1568 1736 irritabilitatem
1600 1689 1750 1737 refert.
1836 1692 1902 1737 Eo
1936 1690 2066 1738 sensu
2105 1705 2257 1739 cutem

202 1750 614 1802 facitirritabilenu
650 1753 821 1797 nonita
836 1752 1059 1799 tendines.
1130 1754 1372 1814 Sanguinis
1391 1752 1544 1800 venosi
1557 1771 1612 1801 ex
1631 1755 1829 1809 cerebro,
1861 1754 2121 1802 descensum
2138 1757 2257 1803 inter

205 1814 535 1875 inspirandum,
568 1813 648 1860 effe
682 1831 706 1860 a
730 1813 924 1861 faciliori
947 1833 1024 1876 per
1048 1818 1289 1877 pulmones
1312 1815 1520 1864 tranfitu.

331 1897 387 1943 In
421 1895 645 1956 principio
666 1896 824 1942 T.V1.
868 1896 922 1942 de
959 1897 1115 1943 eodem
1153 1912 1424 1959 argumento
1461 1900 1565 1961 agit.
1635 1898 1893 1948 Confundit
1926 1898 2263 1949 sensibilitatem

202 1961 636 2008 cumirritabilitate.
707 1958 893 2006 Sensum
910 1962 1277 2008 membranarum
1298 1965 1398 2009 vult
1410 1979 1488 2022 per
1513 1981 1687 2010 venena
1700 1964 2019 2011 demonstrare.
2088 1969 2124 2012 A
2141 1983 2260 2012 mor-

202 2039 248 2072 te
278 2036 415 2085 negat
451 2023 664 2070 intestina
687 2023 910 2070 contrahi.
978 2026 1152 2072 Duram
1183 2038 1371 2072 matrem
1400 2026 1593 2082 sentire,
1634 2027 1711 2074 etsi
1738 2030 1892 2090 nervis
1916 2029 2201 2077 destituatur.

334 2106 626 2166 Repetuntur
646 2103 736 2151 fere
751 2105 905 2151 eadem
925 2106 974 2151 in
987 2107 1042 2152 T.
1060 2107 1141 2153 ΙΙΙ.
1164 2107 1235 2155 des
1249 2110 1708 2170 Aldmoiresprefi’ntds.
1778 2111 1993 2170 Pleraque
2007 2109 2163 2158 similia
2176 2128 2258 2158 non

201 2170 408 2217 strorum.
477 2171 636 2216 Motus
653 2169 778 2214 durae
797 2172 1070 2216 membranae
1086 2173 1310 2218 &cerebri
1323 2171 1434 2218 ares
1427 2174 1649 2233 pii-atione
1665 2186 1808 2220 ortus.
1870 2174 1978 2220 Eam
1996 2176 2257 2236 meningem

201 2233 380 2286 sentire,
416 2233 567 2279 minus
592 2245 744 2279 tamen
759 2234 918 2279 acriter
935 2250 1070 2293 quam
1094 2247 1358 2296 tegumenta
1373 2238 1603 2297 corporis:
1639 2237 1774 2284 nimis
1795 2249 1946 2284 autem
1973 2239 2151 2285 abunde
2175 2241 2257 2285 bu-

200 2309 354 2355 tyrum
376 2297 619 2343 antimonii
638 2294 865 2356 profudit,
900 2310 954 2343 ut
969 2297 1022 2342 de
1036 2315 1141 2344 vera
1155 2298 1253 2345 sede
1268 2300 1439 2346 doloris
1466 2317 1562 2346 non
1583 2302 1783 2360 potuerit
1797 2315 1945 2348 certus
1968 2302 2064 2350 esse.
2132 2301 2253 2350 Pres-

200 2358 370 2407 fionem
398 2360 569 2407 cerebri
592 2361 646 2407 ab
674 2362 864 2407 animale
893 2377 1006 2422 aegre
1025 2359 1157 2416 ferri,
1196 2363 1245 2409 id
1264 2363 1319 2410 ab
1344 2380 1393 2410 ea
1418 2363 1545 2411 causa
1571 2365 1623 2411 in
1654 2363 1862 2426 soporem
1898 2367 2060 2413 delabi.

670 2486 718 2544 §.
754 2490 1054 2538 MXCVII.
1155 2492 1391 2553 Ambrosius
1412 2495 1744 2550 BER-rmum,

330 2599 530 2647 Celebris
549 2596 802 2659 Chirurgus
822 2598 1191 2649 Taurinensium.
1260 2604 1295 2649 Ε
1298 2617 1382 2665 JU's
1411 2603 1456 2650 di
1489 2610 1720 2653 certationes
1749 2610 1993 2653 anatomicae
2011 2605 2099 2652 dnae
2119 2603 2168 2652 de
2184 2604 2253 2654 lje-¹

195 2676 296 2727 pate
317 2663 376 2720 ἓξ
401 2664 517 2711 oculo
552 2664 714 2709 Turin.
737 2670 871 2722 1748.
902 2664 980 2717 8.*
1047 2664 1309 2727 Discipulus
1330 2669 1575 2716 BIANCHU
1596 2703 1608 2723 ,
1642 2687 1779 2730 quem
1810 2672 1859 2716 in
1885 2671 2092 2730 parandis
2109 2671 2253 2717 iconi-

201 2730 286 2775 bus
314 2728 516 2789 adjuvit‚
553 2727 697 2772 multa
722 2724 796 2772 hic
832 2728 962 2773 utilia
991 2728 1134 2775 docet.
1199 2732 1330 2778 Duos
1371 2733 1487 2779 vidit
1513 2734 1653 2779 lienes
1690 2736 1888 2779 minores
1923 2747 2083 2792 praeter
2112 2735 2254 2795 majo-

200 2806 309 2837 rem.
401 2789 704 2838 Anastomosis
734 2791 853 2838 inter
881 2793 1089 2838 arteriam
1118 2793 1459 2842 mesentericam
1498 2795 1776 2850 inferiorem,
1804 2794 1963 2843 &vasa
1988 2795 2176 2844 vesicam
2209 2800 2253 2845 8c

202 2865 344 2912 partes
360 2856 574 2915 genitales
596 2854 824 2900 adeuntia.
895 2855 1068 2901 Arteria
1091 2854 1298 2918 hepatica
1323 2876 1378 2904 ex
1407 2871 1532 2905 aorta
1554 2873 1675 2906 nata.
1753 2861 1887 2906 Rami
1915 2859 2068 2907 venosi
2095 2861 2151 2907 ab
2175 2860 2255 2908 hee

206 2927 306 2974 pate
332 2918 386 2962 ad
408 2917 584 2978 septum
605 2916 910 2964 transversum
933 2930 1094 2967 euntes
1111 2955 1123 2973 ,
1159 2937 1262 2967 cum
1287 2923 1425 2970 ramis
1455 2940 1582 2969 venae
1614 2922 1703 2968 fine
1722 2924 1818 2983 pari
1845 2925 2092 2984 conjunffl.
2163 2925 2252 2972 Ra-

204 2978 270 3030 mi
283 2995 408 3027 venae
422 2982 694 3030 umbilicaiis
709 2981 763 3029 ad
784 2980 922 3044 hepar
934 2982 1040 3031 dati.
1109 2984 1196 3031 Pro
1210 2984 1322 3031 vasis
1350 2985 1529 3046 hepati·
1548 2986 1736 3047 cysticis.
1806 2986 1980 3034 Contra
1998 2989 2250 3050 glandulas,

1209 3050 1256 3096 H
1277 3048 1308 3096 h
1341 3049 1372 3096 h
1405 3061 1428 3107 3
2087 3052 2250 3113 quibus
