2531 3394
239 125 338 178 234
646 113 781 162 mn.
816 114 911 161 ιχ.
975 106 1389 177 annones
1437 78 1881 158 PER-Frena

371 243 446 303 EJ.
484 241 552 290 Cl.
575 241 666 289 vir-i
690 242 739 288 in
761 242 987 289 ALBERTI
1015 237 1222 284 medicina
1259 237 1384 300 legali
1410 235 1567 284 incisio
1598 236 1654 283 ad
1683 238 1989 298 cognitionem
2008 236 2075 284 ,de
2108 236 2296 286 vulnere

241 307 445 369 speetans
475 307 723 368 reperitur,
759 307 889 352 valde
913 315 1143 350 accurata:
1182 304 1224 349 ἃ
1247 303 1298 348 in
1325 303 1528 350 GLAssn
1558 299 1866 363 disputatione
1892 302 1946 348 de
1974 304 2169 350 circuitu
2197 300 2305 348 san-m

239 375 398 438 guinis
434 371 490 419 ad
518 387 656 420 venas
685 368 985 418 bronchiales.

669 504 708 553 5.
745 499 787 544 D
804 493 1212 543 CCCCXLHI.
1317 492 1566 553 Franciscus
1598 494 1861 550 QUESNAI,

369 594 655 658 Chirurgus,
701 597 769 642 vir
796 591 981 653 insignis
1011 591 1207 653 ingenii,
1245 607 1376 637 novae
1406 588 1531 636 setstae
1567 589 1851 636 oeconomico
1885 588 2098 649 politicae>
2112 592 2293 644 auetor,

242 663 502 735 ratiociniis
523 676 695 712 tamen,
729 675 862 718 quam
889 654 1184 703 incisionibus
1213 656 1353 716 magis
1385 655 1594 701 eminuit.

381 746 679 806 Observations
703 740 785 799 sur
811 739 866 784 les
889 756 907 783 e
943 750 1002 783 ets
1018 737 1090 784 des
1099 736 1286 799 saigne'es
1313 754 1415 784 avec
1434 736 1505 782 des
1524 752 1768 796 remarques
1792 739 1992 795 critiques
2003 734 2086 795 sur
2109 734 2146 780 le
2165 738 2300 780 traite'

239 812 298 859 de
319 815 387 858 M.
406 812 567 857 Svtvi
598 806 715 852 Paris
742 815 874 862 1730.
903 804 1002 847 122*
1022 802 1128 847 inde
1162 808 1293 859 1736.
1318 800 1424 847 12.*
1452 801 1658 847 &denuo
1673 801 1806 859 triplo
1822 799 2013 857 amplius
2040 810 2171 856 1750.
2195 800 2297 845 120*

245 877 457 934 Princeps
486 870 643 931 scopus
666 867 726 914 est
746 866 1001 919 ostendere,
1038 882 1188 912 veram
1223 866 1468 912 utilitatem
1488 881 1613 911 venae
1637 862 1846 910 sefflonis
1869 860 1948 908 effe
1986 863 2035 908 in
2062 860 2296 922 spoliando

242 939 487 1000 sanguine,
542 948 699 992 nempe
739 932 787 977 in
827 930 1070 976 educendis
1117 929 1314 990 globulis
1356 929 1530 980 rubris,
1586 928 1666 987 qui
1704 927 1990 973 tenuioribus
2025 924 2296 973 humoribus

238 997 587 1062 ecollpeilsentrlr.
656 995 834 1042 Deinde
858 994 1184 1040 derivationem
1211 994 1404 1052 aliquam
1422 991 1518 1044 effe,
1543 992 1598 1038 ad
1625 990 1874 1051 augendam
1909 991 2178 1036 celeritatem
2201 988 2298 1035 san-

246 1067 423 1129 guinis,
473 1076 605 1122 atque
634 1060 744 1106 adeo
783 1058 840 1104 ad
870 1056 1142 1118 superandas
1180 1057 1508 1103 obstrudliones
1540 1057 1726 1107 utilem,
1773 1055 2003 1100 minorem
2032 1070 2138 1099 vero
2181 1052 2261 1100 effe
2281 1087 2295 1107 ,

245 1146 380 1194 quam
412 1130 574 1175 SYLVA
612 1122 837 1185 posuerit,
893 1125 934 1167 &
966 1122 1016 1167 in
1041 1138 1089 1166 ea
1119 1119 1210 1166 fere
1243 1120 1300 1165 ad
1325 1122 1547 1180 integram
1580 1118 1812 1179 sanguinis
1845 1117 2132 1163 velocitatem
2163 1120 2299 1163 ratio-

244 1212 329 1247 ne,
369 1208 465 1252 quae
496 1189 555 1235 est
578 1185 720 1235 amisii
742 1185 974 1247 sanguinis
998 1185 1053 1231 ad
1081 1201 1278 1232 omnem.
1347 1180 1569 1232 Effecitum
1595 1195 1746 1230 autem
1765 1198 1790 1228 a
1813 1181 2151 1242 venappendere
2181 1183 2221 1229 ὃς
2240 1180 2297 1227 ab

244 1259 426 1308 arteria,
463 1270 564 1314 quae
590 1252 630 1298 ei
654 1268 781 1298 venae
810 1248 1066 1310 respondet.

371 1339 427 1385 In
438 1334 632 1383 secunda
646 1333 844 1380 editione
858 1333 997 1378 multa
1012 1329 1151 1383 addit,
1176 1331 1305 1390 plura
1316 1329 1364 1376 in
1379 1329 1511 1376 tertia
1569 1330 1639 1375 De
1653 1326 1886 1388 sanguinis
1902 1325 2093 1380 rubriad
2110 1344 2298 1378 omnem

246 1403 416 1452 cruoris
453 1398 634 1446 maffam
666 1397 875 1458 portione
909 1397 950 1442 ἃ
981 1394 1036 1440 ad
1059 1393 1243 1446 serun13
1303 1393 1356 1439 de
1388 1394 1577 1454 coagulo
1614 1391 1892 1452 lymphatico
1920 1407 1975 1437 ex
2002 1392 2296 1449 HELVETJQ

246 1470 416 1515 Contra
433 1463 535 1511 vasa
550 1464 727 1508 minora
741 1463 781 1507 &
802 1475 997 1506 errorem
1017 1458 1105 1505 loci
1129 1455 1458 1505 BOERHAAVH
1475 1491 1487 1510 ,
1526 1473 1658 1516 quem
1690 1457 1841 1502 virum
1861 1455 2005 1514 impar
2021 1453 2299 1503 adversarius

244 1533 355 1579 adeo
382 1530 511 1590 parvi
533 1526 663 1579 iacit,
695 1538 749 1571 ut
771 1524 1135 1584 indignationem
1159 1535 1353 1568 moveat.
1419 1518 1516 1581 Ipse
1538 1536 1634 1566 non
1666 1520 1782 1565 bene
1817 1529 1952 1579 negat
1983 1535 2109 1564 venae
2139 1516 2297 1564 sedtio-

243 1612 349 1642 nem
379 1591 481 1639 vasa
518 1591 723 1651 deplere:
780 1605 882 1635 cum
925 1587 1086 1646 utique
1116 1586 1344 1632 diminuto
1375 1582 1621 1646 sanguine,
1671 1586 1713 1631 Sc
1744 1600 1798 1629 ex
1832 1598 1881 1628 ea
1910 1580 2039 1628 causa
2065 1582 2295 1628 diminuto

243 1659 425 1706 stimulo
446 1656 594 1704 cordis
608 1689 621 1708 ‚
660 1653 1053 1713 viqueinpellente
1068 1650 1307 1703 diminuta,
1345 1649 1496 1695 minor
1515 1648 1565 1694 in
1588 1659 1735 1708 partes
1752 1646 2015 1694 ambeuntes
2037 1644 2196 1706 preffio
2212 1644 2292 1701 fit,

243 1721 435 1782 vasaque
467 1720 577 1767 adeo
605 1719 660 1765 ab
684 1735 733 1764 ea
758 1714 851 1776 ipsa
885 1713 1015 1762 causa
1049 1712 1152 1760 elisa
1176 1715 1218 1760 &
1250 1714 1429 1759 minora
1455 1711 1581 1759 fiant.
1659 1708 1908 1757 Convulfio
1935 1726 1960 1756 a
1985 1710 2297 1756 contraitione

245 1789 534 1837 arteriarum,
571 1784 645 1830 cui
667 1782 734 1829 vir
759 1782 826 1827 Cl.
856 1780 1103 1840 plurimum
1130 1778 1318 1831 tribuit,
1356 1793 1478 1822 mera
1513 1775 1573 1822 est
1598 1772 1874 1835 hypothesis.
1953 1774 2296 1820 Derivationem

245 1849 354 1896 facit
377 1851 595 1910 aequalem
621 1846 854 1906 sanguinis
883 1845 1091 1904 jacturae,
1130 1855 1184 1888 ut
1206 1859 1322 1888 vena
1356 1839 1496 1888 incisa
1521 1841 1575 1886 ab
1605 1840 1819 1885 omnibus
1853 1838 1951 1884 aliis
1984 1838 2184 1898 corporis
2211 1836 2297 1884 hu-

243 1916 371 1961 mani
403 1914 600 1972 partibus
636 1925 812 1956 novum
850 1906 1080 1968 sanguinis
1106 1904 1477 1966 supplementum
1510 1903 1713 1964 accipiat.
1796 1901 2043 1955 Germina,
2081 1917 2182 1962 quae
2209 1918 2297 1948 ova

245 1977 508 2030 fecundant,
537 1974 617 2023 effe
644 1976 751 2022 telas
769 1985 915 2020 textas
943 1973 993 2018 in
1022 1983 1186 2017 natura
1212 1967 1356 2016 solida
1385 1969 1591 2015 animalis
1615 1968 1748 2014 maris
1770 2001 1783 2021 ,
1829 1982 1917 2012 ova
1946 1978 2092 2026 partes
2124 1977 2300 2013 naturae

245 2040 426 2089 feminae
458 2042 537 2087 &c.

380 2124 454 2183 EJ.
499 2118 607 2182 Effizi
625 2121 703 2180 sur
725 2120 971 2167 l‘oeconomie
996 2116 1182 2164 animale
1220 2115 1342 2162 Paris
1365 2120 1498 2174 1736.
1540 2111 1648 2162 12*
1714 2113 1824 2159 Haec
1851 2111 1989 2158 editio
2022 2110 2216 2172 plurima
2244 2126 2300 2156 ex

247 2188 589 2235 BOERHAnvio
623 2183 703 2241 (s)
732 2183 865 2230 habet
884 2217 896 2236 ,
934 2179 1211 2243 potissimum
1230 2179 1426 2226 chemica
1441 2214 1452 2232 ‚
1483 2179 1615 2226 etiam
1633 2176 1796 2238 gradus
1818 2177 1979 2223 caloris
2000 2175 2205 2222 numeris
2227 2190 2302 2220 ex-

247 2249 428 2313 pressos.
499 2249 554 2294 In
586 2246 800 2309 sanguine
828 2246 1044 2293 humores
1070 2245 1225 2290 statuit
1260 2240 1551 2296 numerosos,
1592 2243 1726 2288 etiam
1754 2241 1890 2286 bilem
1923 2256 2000 2300 per
2028 2238 2297 2299 sanguinem

248 2311 484 2364 diffusam,
518 2313 721 2371 pituitam
740 2345 753 2363 ‚
788 2310 1047 2371 lympham,
1085 2324 1300 2359 mueum3
1349 2324 1405 2352 ex
1433 2308 1486 2352 iis
1516 2317 1868 2365 temperamenta
1889 2304 2083 2350 deducit.
2152 2304 2207 2349 ln
2226 2319 2302 2348 va-

245 2377 399 2426 sorum
435 2375 658 2427 seriebus,
694 2375 743 2420 in
773 2375 1023 2420 nutritione
1049 2375 1435 2420 BOERHAAva
1461 2369 1663 2430 sequitur
1688 2387 1698 2414 z
1741 2380 1952 2415 caeterum
1984 2368 2174 2413 minima
2201 2382 2302 2427 pars

247 2440 541 2507 phyfiologiae
571 2437 646 2484 hic
671 2437 887 2490 traditur,
924 2434 1168 2489 sensubus,
1206 2434 1328 2496 chyli
1355 2435 1678 2494 praeparatione
1711 2434 1751 2479 ›S‹
1779 2430 1960 2478 seminis
1983 2428 2167 2477 omiffis.

380 2523 533 2570 Multo
574 2520 764 2579 amplior
802 2518 862 2564 est
901 2519 1039 2564 editio
1074 2519 1193 2580 Eſjay
1231 2516 1284 2563 de
1324 2515 1524 2578 phyfique
1550 2514 1632 2573 sur
1667 2515 1914 2561 l'oeconomie
1950 2512 2130 2560 animale
2177 2511 2300 2558 Paris

252 2599 389 2647 1747.
421 2597 490 2632 12.
531 2581 723 2642 3.Vol.*
789 2582 934 2628 Prima
964 2599 1061 2640 pars
1093 2579 1271 2641 physica
1293 2580 1380 2634 est,
1417 2597 1518 2640 pars
1542 2579 1599 2625 ΙΙ.
1627 2577 1838 2625 chemica.
1908 2577 2093 2637 Duplex
2124 2576 2172 2621 in
2204 2575 2301 2620 ani-

248 2652 441 2698 malibus
463 2651 613 2695 oleum
638 2645 743 2699 effe,
781 2643 1048 2706 pituitosum
1073 2647 1265 2691 alterum
1288 2642 1599 2704 (gelatinam)
1620 2679 1630 2688 .
1688 2642 1844 2690 Tertia
1863 2657 1962 2700 pars
1978 2641 2158 2685 demum
2187 2636 2300 2698 phy-

252 2714 479 2775 siologiam
517 2712 753 2761 continet3
801 2710 1014 2755 humores
1054 2711 1246 2767 primum
1276 2721 1500 2768 quatuor,
1539 2707 1729 2752 omnino
1767 2706 1821 2750 ad
1856 2716 2058 2751 veterum
2093 2718 2296 2755 morem,

250 2779 416 2837 ,quibus
442 2775 590 2822 noster
613 2771 812 2834 impense
838 2771 984 2825 favet,
1024 2773 1188 2824 bilem,
1227 2773 1268 2817 &
1294 2788 1372 2830 pro
1398 2785 1490 2817 atra
1515 2771 1604 2816 bile
1627 2770 1882 2830 gelatinam.
1952 2767 2062 2813 Non
2084 2765 2199 2811 bene
2219 2782 2296 2811 ne-

250 2853 355 2901 gat,
387 2839 614 2899 {anguinis
642 2838 850 2898 globulos
876 2835 1040 2882 rubros
1076 2834 1172 2880 effe.
1240 2835 1437 2880 Plurima
1471 2851 1495 2880 a
1520 2831 1861 2881 BOERHAAvlo
1889 2846 2035 2890 neque
2060 2829 2298 2876 nominato

251 2915 466 2963 recepta3
513 2901 761 2949 humorum
791 2899 1006 2946 diminuti
1044 2897 1238 2962 gradum
1288 2914 1450 2958 corpus
1491 2910 1643 2945 totum
1674 2894 1786 2943 vasis
1825 2892 1950 2947 fieri,
1996 2892 2092 2941 haec
2130 2895 2297 2940 nervis.

304 3028 361 3081 (s)
393 3027 535 3081 CLBQN
564 3039 585 3069 a
611 3027 788 3068 Eunoxn
818 3029 941 3078 1263,
2228 2958 2299 3006 De
