2531 3394
783 102 1663 152 ADDENDA‘T0M1I.

2154 118 2255 168 737

188 234 439 294 imperante
452 232 595 279 TYEN
624 231 739 278 circa
760 247 799 278 a.
823 236 961 288 1604.
979 230 1184 277 imitatus
1241 227 1429 290 pulsibus
1446 230 1488 291 J.
1505 231 1778 279 STEPHANI..
1831 233 1972 282 Addit
1995 250 2254 297 congruem

187 296 408 358 principia
428 295 532 342 libri
551 297 597 342 N
604 308 763 342 1111111111
771 309 821 348 G,
850 312 895 341 v.
910 296 1067 342 MURR
1083 299 1184 342 Na.-

185 357 446 422 turforfisher
473 361 528 407 T.
545 360 652 407 VII.

475 439 559 487 sub
585 441 613 487 l.
637 442 719 487 ult.
755 439 869 486 adde
942 445 946 449 '

222 504 280 552 In
300 505 456 564 Mnfieo
482 508 594 552 Brit.
623 504 847 550 contineri
875 514 931 549 tr.
956 503 1179 549 anatomi-

185 585 287 615 cum
314 585 418 615 curn
436 567 647 614 iconibus
671 567 866 627 partium
893 567 1176 614 internarum

184 633 386 692 corporis
412 635 451 678 &
475 645 790 678 externarum:
826 630 1049 676 &librum
1071 647 1174 676 ana-

182 697 402 742 tomicum
426 693 728 757 Japonenfem
753 711 774 739 a
791 694 1088 741 KAEMPFERO
1115 696 1175 741 ci-

183 760 269 806 tari
291 778 335 806 v.
352 761 514 807 MURR
538 755 882 819 Nuturforscher
907 759 963 805 T.
980 759 1087 805 VII.

395 858 436 901 p.
467 852 551 896 139
583 840 661 897 L7
689 837 838 886 infim.
873 838 952 886 fin.

214 923 373 970 Codex
393 923 422 970 l.
450 922 500 969 de
522 933 683 968 natura
705 919 888 967 humana
911 920 972 967 est
987 921 1038 968 in
1048 922 1165 972 M.S.

178 988 290 1033 B.B.
858 1034 862 1038 ,

503 1049 585 1095 sub
615 1048 768 1095 eadem
799 1049 827 1094 l.

222 1132 348 1179 Libri
373 1131 425 1177 de
451 1135 590 1182 coitu,
627 1130 678 1175 de
688 1128 1009 1189 st0ma0=l20,'de
1035 1135 1169 1176 animi

176 1196 234 1251 ἓν)
256 1198 440 1257 spiritus
462 1193 706 1252 dzscrimine
735 1193 1006 1253 prodierunt
1041 1193 1165 1242 ssaffl.

178 1267 310 1318 1536.
340 1257 420 1305 fol.

322 1357 364 1400 p.
392 1351 480 1396 140
513 1342 552 1391 §.
583 1339 731 1385 CXII.
762 1339 793 1385 l.
819 1339 900 1384 ult.
928 1336 1010 1386 fin.

203 1405 354 1450 Vertit
380 1419 417 1448 a.
439 1414 574 1460 13¹7·

286 1486 313 1530 l.
334 1496 355 1540 3
386 1482 516 1543 supra
536 1481 628 1530 ins..
649 1483 746 1543 post
775 1488 902 1530 etiam
925 1483 1037 1529 adde

205 1566 370 1612 Colon.
394 1576 528 1622 1495.
554 1577 599 1622 4.
620 1566 793 1612 MURR.
840 1572 972 1620 1508.
991 1578 1035 1624 4.
1065 1567 1157 1613 TR.

168 1641 301 1686 1515.
324 1627 404 1674 fol.
442 1629 583 1674 literis
609 1628 825 1676 Gothicis
849 1630 1004 1676 RAST.
1053 1631 1158 1677 Am-

160 1692 348 1739 sterdam
380 1698 615 1750 12765-.12..

244 1792 287 1835 p.
314 1786 395 1831 141
433 1774 462 1820 l.
482 1787 520 1821 1.
550 1772 658 1827 fin.³
699 1773 914 1822 Amsterd‘.
936 1780 1073 1833 1760.
1113 1787 1116 1790 “

457 1857 486 1901 l.
512 1868 541 1909 9
570 1852 651 1900 fin.
688 1855 800 1900 adde

210 1918 354 1978 Apud·
376 1935 448 1965 me
471 1919 643 1964 Venet.
663 1924 797 1977 1566.
829 1931 876 1978 4.
928 1921 994 1967 M.
1019 1921 1071 1967 S.v
1099 1936 1154 1966 ex

157 1983 206 2030 B.
221 1984 398 2030 Tnom.

535 2044 617 2092 sub
648 2047 675 2091 l.
700 2060 744 2100 9.

185 2112 415 2160 MENGOR
445 2109 496 2156 de
519 2122 681 2156 natm-n
700 2127 846 2156 rerum
865 2110 1007 2156 codex
1029 2108 1151 2156 secu-

154 2175 185 2219 li
203 2176 332 2220 XIII.
360 2174 496 2220 habet
529 2176 725 2233 aliquam
754 2186 1000 2221 anatomen
1032 2177 1075 2221 &a
1097 2174 1151 2220 de

153 2241 345 2298 monstris
365 2239 462 2298 agit
480 2239 593 2284 M.S.
627 2236 672 2285 Β.
688 2240 734 2284 Β.

187 2317 265 2366 Th.
284 2320 454 2375 AQum
476 2319 502 2364 1.
525 2331 546 2374 3
581 2335 660 2377 pro
686 2331 820 2377 1499.
849 2322 944 2381 lege
978 2332 1112 2378 1494.

159 2401 186 2446 l.
216 2412 273 2459 14
294 2399 425 2461 supra
447 2398 527 2447 fin.
553 2401 664 2445 adde
689 2402 743 2446 ad
761 2403 885 2448 ΑΕΘ.
907 2405 965 2454 8“’.
981 2435 993 2454 ,
1031 2415 1140 2447 tum-

208 2499 312 2528 cum
361 2486 411 2529 G.
447 2481 498 2527 de
529 2481 803 2532 FULGINEO
843 2487 1144 2529 commentario

155 2546 271 2593 Lion
297 2551 429 2604 1526.
451 2552 492 2599 8.
532 2545 664 2590 Paris.
692 2558 825 2603 1537.
857 2552 897 2599 8.
929 2548 1074 2593 FALC.

254 2629 281 2673 l.
304 2640 355 2672 11
382 2625 513 2687 supra
540 2624 624 2672 inf.
649 2626 746 2686 post
769 2628 1010 2673 DAumms

175 2707 232 2754 In
244 2709 291 2753 B.
308 2709 357 2755 Β.
382 2709 598 2756 Codicem
615 2711 747 2755 etiam
761 2706 1008 2768 poffidebat
1019 2709 1137 2757 REI-

144 2782 336 2819 NEslus.

175 2851 361 2902 AEomn
390 2853 590 2900 codicem
627 2852 763 2899 habet
789 2849 863 2904 CL
888 2870 932 2900 v.
957 2838 1131 2902 Mmuz,

142 2930 245 2961 cum
282 2917 417 2963 titulo
455 2919 494 2979 J.
524 2918 823 2965 THEODOSH
847 2917 1045 2978 verficuli
1080 2920 1131 2966 de

205 2996 349 3053 (Bibl.
369 3001 505 3047 Anat.
528 3003 578 3048 T.
591 2999 682 3055 11.)

1249 309 1353 345 cum
1379 293 1580 341 editione
1599 295 1776 343 Veneta
1800 309 1934 356 1494.

1415 376 1444 422 Ι.
1466 366 1524 422 10
1554 374 1793 437 supra-inf.
1827 378 1881 423 ad
1908 377 2047 425 finem

1278 455 1334 503 In
1360 457 1497 519 colleg.
1525 461 1720 505 Merton.
1743 465 1912 518 n.687.
1940 460 1989 506 in
2008 461 2244 510 Coll.Nov.

1250 532 1387 662 ¹¹33:
1408 615 1499 661 143·
1520 604 1547 650 l.
1565 615 1593 660 7
1618 601 1750 664 supra
1774 602 1856 650 inf.
1884 603 1939 649 ad
1961 602 2101 653 finem

1462 671 1498 719 ᾗ.
1529 667 1584 713 de
1607 665 1760 714 secret.
1783 669 1894 715 mul.
1920 669 2020 714 add.

1272 745 1455 794 Frankf.
1479 764 1548 794 am
1563 750 1708 809 Mayn
1729 755 1860 807 1581.
1877 761 1922 808 4.
1949 750 2235 799 Germanice.

1272 830 1542 876 Germanice
1556 831 1690 877 etiam
1706 843 1911 878 vertente
1925 832 1967 893 J.
1984 833 2040 878 H.
2056 830 2235 878 BRAND

1238 893 1488 952 Nurnberg
1519 906 1654 953 1773.
1690 898 1770 941 Ein
1791 895 2144 944 neuenAlhertus
2161 901 2233 942 M.

1236 973 1323 1001 von
1353 956 1552 1002 Weibern
1587 958 1678 1003 und
1716 958 1929 1006 Geburten
1966 959 2045 1005 der
2076 959 2236 1006 Kinder

1236 1017 1372 1066 durch
1398 1022 1462 1076 Q
1483 1021 1858 1069 APOLLINAREM
1891 1035 2024 1080 1549.
2043 1035 2090 1081 4.

1235 1115 1317 1164 sub
1342 1119 1370 1164 1.
1394 1125 1424 1164 6
1445 1117 1578 1179 supra
1603 1118 1685 1166 inf.
1714 1119 1809 1180 post
1833 1122 1868 1167 I.
1891 1121 1942 1167 de
1958 1121 2237 1180 secmamul.

1266 1199 1340 1245 Est
1362 1200 1494 1246 etiam
1521 1214 1622 1262 opus
1645 1201 1852 1248 medicum
1873 1202 1923 1247 de
1943 1201 2230 1263 phyfionomia

1236 1265 1317 1310 &a
1361 1265 1533 1311 Gallice
1556 1266 1607 1310 in
1626 1265 1673 1310 B.
1696 1267 1743 1311 B.
1774 1264 1912 1312 seculi
1933 1267 2064 1314 Xln.

1531 1363 1573 1406 p.
1596 1358 1680 1404 145
1717 1344 1848 1396 subl.
1877 1354 1920 1401 8.

1276 1426 1353 1486 EJ.
1389 1426 1431 1472 la
1464 1426 1692 1486 fifionomia
1728 1427 1780 1474 de
1814 1429 2068 1475 conciliator
2099 1430 2145 1476 P.
2175 1430 2227 1476 de

1229 1490 1413 1542 Apono
1451 1491 1781 1549 Padova>1474
1802 1499 1842 1544 8.
1872 1493 2093 1539 Gouim.
2144 1495 2227 1539 Di·-

1227 1552 1353 1600 versa
1396 1554 1452 1599 ab
1494 1555 1579 1600 alia
1610 1554 1890 1615 phyfionomia
1924 1558 2066 1603 latine
2099 1573 2231 1603 anno-

1233 1624 1366 1675 1548.
1391 1625 1430 1671 8.
1454 1618 1589 1664 edita.
1618 1620 1851 1668 GoumN..

1289 1698 1350 1745 ib.
1377 1710 1486 1746 ante
1497 1698 1758 1747 VlTELLIO
1786 1700 1898 1747 adde
1927 1701 2155 1764 Aegidium

1571 1766 1873 1811 COLUMNAM

1263 1832 1436 1893 Aegidii
1459 1833 1532 1879 Co
1542 1847 1730 1880 LUMNAE
1755 1833 1806 1879 de
1829 1832 2005 1881 humani
2027 1839 2219 1898 corporis

1211 1893 1475 1956 formatione
1511 1893 1675 1942 Venet.
1706 1910 1839 1954 1523.
1870 1899 2002 1958 rectis]
2017 1914 2103 1961 per
2124 1904 2218 1947 An-

1214 1960 1357 2019 gelum
1386 1961 1635 2007 VANCIUM
1674 1962 1978 2021 Ariminensem
2019 1966 2219 2025 August-12

1219 2027 1397 2069 nicenum
1434 2024 1629 2070 Arimini
1650 2029 1779 2071 1626.
1807 2025 1887 2083 4*
1923 2025 2054 2072 Paris.
2077 2035 2217 2086 1615.

1216 2098 1261 2144 4.
1333 2088 1587 2134 Cardinalis
1619 2085 1709 2134 fuit
1755 2091 1796 2135 &
1836 2088 2208 2151 Archiepiscopus

1218 2150 1522 2197 Bituricenfis.
1638 2149 1862 2199 Barbarus
1912 2152 2101 2214 scriptor
2155 2172 2212 2202 ex

1216 2217 1501 2262 AVERRHOE
1516 2213 1606 2261 fere
1623 2213 1700 2262 sua
1722 2215 1871 2262 habet.
1924 2218 2097 2264 Contra
2114 2219 2211 2265 GA-

1216 2291 1392 2324 LENUM
1419 2279 1576 2332 docet,
1602 2295 1697 2324 non
1723 2278 1803 2325 effe
1831 2281 1878 2326 in
1902 2279 2068 2327 semine
2084 2280 2211 2328 femi-

1213 2339 1326 2387 nino
1343 2359 1487 2402 neque
1502 2343 1734 2389 materiam
1747 2342 1942 2396 seminis,
1959 2361 2106 2404 neque
2119 2345 2211 2391 vir-

1212 2417 1355 2451 tutem
1372 2406 1427 2451 ad
1447 2407 1792 2465 produciionem
1808 2406 1926 2454 fetus
2009 2408 2128 2454 Poise
2142 2407 2207 2454 fe-

1211 2471 1356 2514 minas
1369 2470 1653 2530 impraegnari
1666 2469 1829 2530 absque
1844 2469 2074 2517 emissione
2088 2471 2208 2531 sper-

1210 2533 1367 2584 matis3
1405 2531 1555 2579 semen
1583 2535 1717 2581 maris
1742 2551 1838 2580 non
1859 2536 1960 2580 dare
1976 2534 2091 2581 fetui
2114 2552 2206 2581 ma-

1209 2597 1392 2650 teriam,
1429 2595 1502 2642 sed
1522 2595 1712 2643 formam
1739 2599 1910 2657 utique.
1982 2599 2051 2645 Ad
2073 2616 2205 2658 gene-

1206 2660 1428 2712 rationem
1455 2677 1723 2707 concurrere
1744 2662 1968 2720 duplicem
1994 2660 2203 2721 spiritum

1207 2725 1470 2783 organicum
1500 2737 1742 2770 exeuntem
1772 2741 1875 2770 cum
1908 2724 2075 2771 semine
2110 2743 2202 2772 ma*

1203 2788 1264 2833 ris
1279 2821 1298 2840 ,ν
1328 2788 1649 2847 inorganicum-
1679 2801 1941 2847 generatum
1982 2805 2035 2834 ex
2075 2806 2202 2835 men.

1202 2850 1344 2902 struo.
1407 2852 1504 2899 Cor
1519 2854 1710 2910 primum
1727 2854 1953 2910 generari,
1993 2853 2098 2899 inde
2122 2853 2200 2900 he-

1201 2931 1295 2974 par,
1328 2915 1576 2963 cerebrum.
1644 2913 1789 2961 Causa
1811 2914 1942 2964 sexus
1967 2919 2048 2964 &c.

1229 2999 1268 3044 A
1283 3013 1307 3043 a
1327 3011 1352 3042 a
1371 3012 1394 3042 a
1415 3012 1439 3042 a
2052 2998 2195 3046 Nune
