2531 3394
688 102 732 165 ς.
774 96 895 165 1053
932 128 994 141 -
1031 114 1168 165 ιοςς.
1232 87 1762 154 'A..TREM13LE‘Y.
2016 66 2019 67 ⁷
2154 117 2251 168 379

195 239 284 287 hoc
309 238 550 286 inventum
581 238 830 301 tetigimus.
899 238 984 286 Sed
1009 238 1185 300 aliquo-t
1206 236 1393 282 demum
1429 232 1525 294 post
1553 250 1700 280 annos
1741 236 1892 294 potuit
1919 237 1990 284 vir
2025 238 2096 285 Cl.
2131 239 2247 286 inte-

195 319 320 365 gram
350 301 476 350 suam
506 304 638 363 primi
666 305 819 364 polypi
845 302 1076 348 historiam
1104 303 1357 347 naturalem
1378 299 1535 351 edere,
1572 314 1672 358 quae
1704 299 1851 344 Leidae
1877 313 2010 359 1744-
2033 310 2108 359 43⁶
2145 319 2248 363 pro.

196 367 282 414 diit
314 383 418 414 cum
453 368 588 414 titulo
632 370 841 414 Me'moire
866 379 982 428 pour
1004 366 1154 424 servir
1182 366 1208 410 a*
1243 362 1439 424 l’hg'sc'oire
1472 363 1679 409 naturelle
1708 362 1812 408 d’zm
1840 380 1971 424 genre
2003 365 2052 410 de
2075 368 2250 427 polypes·

195 431 320 478 d'eau
345 431 474 478 donce
497 435 521 477 a*
548 430 647 478 bras
670 449 719 477 en
734 432 878 493 forme
897 429 949 475 de
976 446 1139 480 cernes,
1224 429 1361 488 Hagae
1392 428 1626 473 Comitum
1668 425 1762 472 hac
1797 428 2102 486 experimenta
2139 429 2249 477 fecit

193 496 245 542 in
278 498 416 554 prima
444 493 588 555 specie
609 496 773 547 trium,
811 509 925 554 quos
954 494 1133 539 invenit
1155 494 1426 552 polyporum
1445 526 1459 545 ,
1496 492 1662 551 quibus
1685 503 1871 551 quartus
1902 508 1950 537 en
1968 492 2157 552 panae-he
2176 510 2246 539 ac-

195 557 333 605 ceffit.
402 561 455 605 In
484 561 627 619 primo
656 557 982 604 commentario
1007 555 1221 603 describit
1246 555 1342 603 haec
1374 557 1585 602 animalia
1605 573 1618 600 z
1669 556 1718 601 in
1745 557 1884 601 altero
1912 571 2067 601 eorum
2099 572 2249 603 mores

195 625 236 669 &
258 625 362 669 vitae
386 639 546 683 genus,
575 623 802 674 alimenta,
830 619 995 666 horum
1015 620 1327 679 digestionem.
1397 621 1452 667 In
1479 619 1615 666 tertio
1628 620 1861 680 generatio
1882 620 2152 679 polyporum
2174 635 2249 665 ex.

193 688 401 748 ponitur,
425 699 522 733 tum
544 686 842 745 germinantia
869 684 1120 738 tubercula,
1153 684 1334 730 decidui
1352 683 1488 737 fetus,
1515 695 1593 730 aut
1618 683 1751 729 matri
1773 682 1991 728 hactenus
2005 682 2059 728 ad
2075 681 2247 728 haeren-

192 763 283 804 tes,
323 752 461 811 inque
483 743 622 796 matre
650 752 795 795 nov'os
822 749 870 794 in
899 747 1018 795 fetus
1042 750 1332 808 pullulantes.
1402 747 1609 795 Monstra
1637 750 1770 793 etiam
1802 748 2073 807 polyporum
2098 747 2247 800 vidit,

191 814 424 861 brachium
438 816 642 865 unicum,
670 811 850 858 brachia
871 813 1019 859 alieno
1042 815 1142 859 loco
1161 825 1305 859 enata.
1360 812 1471 858 Inde
1487 810 1632 858 suain
1652 813 1818 871 polypo
1833 809 1948 857 faeta
1967 810 2247 870 experimen-

190 889 235 924 ta
260 876 444 936 profert.
526 878 749 937 Polypum
775 875 1005 923 diffetftum
1029 879 1078 922 in
1109 877 1200 922 duo
1223 877 1436 923 animalia
1461 873 1770 922 convalescere
1793 910 1806 929 ‚
1843 873 1988 922 filsum
2008 874 2246 935 bicipitem

189 942 342 994 reddi,
382 943 423 987 &
446 941 635 1001 repetita
664 939 880 986 incisione
901 942 1022 987 abire
1054 942 1103 986 in
1129 940 1320 1000 hydram
1348 940 1682 1000 multicipitem.
1751 941 1921 999 Sponte
1943 940 2077 984 etiam
2099 937 2248 985 enasci

190 1006 245 1051 de
274 1006 467 1051 animale
494 1006 753 1056 tubercula,
786 1021 886 1064 quae
922 1006 970 1050 in
1006 1006 1197 1065 polypos
1231 1003 1577 1056 convalescant,
1616 1006 1658 1050 ἃ
1692 1003 1889 1063 denique
1924 1003 1977 1048 de
2002 1018 2143 1049 matre
2173 1003 2247 1048 de-

188 1067 307 1129 lapsa
336 1070 567 1130 proprium
599 1069 649 1114 in
682 1069 850 1113 animal
890 1067 1198 1129 perficiantur.
1283 1069 1367 1116 Sed
1402 1071 1443 1114 ὃς
1479 1066 1684 1114 inversus
1726 1070 1767 1114 ὃς
1803 1066 2001 1114 secundo
2039 1064 2249 1113 inversus
2309 1068 2314 1070 “

187 1134 382 1193 polypus
417 1133 566 1180 vitalis
597 1130 816 1191 superest,
851 1134 894 1178 ἃ
920 1134 1113 1193 polypus
1143 1135 1193 1178 in
1223 1136 1468 1192 polypum,
1505 1144 1558 1179 ut
1589 1149 1741 1179 ramus
1768 1133 1818 1178 in
1848 1148 2024 1178 ramum
2055 1129 2097 1178 se
2134 1130 2247 1191 pati-

186 1207 263 1243 tur
290 1196 440 1243 inseri.
508 1196 695 1243 Tabulae
720 1194 1046 1256 pulcherrimae.
1117 1195 1291 1243 Parisiis
1321 1195 1529 1243 recusum
1559 1196 1620 1242 est
1649 1213 1763 1257 opus
1797 1207 1930 1254 1744.
1953 1208 1996 1254 4.
2032 1194 2226 1243 2.Vol.*

309 1279 366 1325 In
395 1275 504 1325 Phil.
533 1278 690 1338 Transl
716 1294 761 1324 n.
782 1290 891 1337 474.
922 1279 1032 1325 alios
1060 1290 1220 1338 praeter
1242 1280 1450 1340 vulgares
1486 1281 1675 1339 polypos
1711 1276 1956 1331 describit3
2003 1293 2247 1339 campanu-

186 1343 298 1391 latos
315 1377 326 1396 ,
357 1340 558 1389 ramosos
580 1360 591 1388 :
636 1345 677 1388 8<
701 1343 787 1389 tria
815 1359 978 1403 genera
1002 1345 1275 1403 polyporum
1299 1341 1584 1389 infundibuli
1609 1341 1835 1389 simillum.

313 1424 404 1478 Hi,
434 1436 488 1471 ut
515 1436 651 1485 puto,
690 1425 855 1478 libelli,
883 1424 965 1482 ficr
993 1425 1051 1470 les
1066 1425 1236 1486 polypes
1264 1426 1289 1470 ἀ
1314 1425 1518 1485 bouquet,
1558 1423 1616 1481 δέ
1628 1424 1709 1484 ficr
1733 1442 1836 1472 ceux
1856 1442 1903 1472 en
1932 1428 2154 1472 entonnoir
2176 1441 2249 1471 re-

191 1487 285 1536 cufi
306 1487 414 1535 sunt
441 1490 588 1536 Leidae
619 1501 750 1548 1747.
775 1495 818 1543 8.
851 1505 953 1535 cum
978 1489 1267 1536 ΝΕΕΒΗΑΜΙ
1294 1487 1709 1537 observationibus.

315 1571 370 1617 In
399 1587 499 1631 app.
525 1587 569 1617 n.
593 1577 701 1629 483.
755 1571 820 1618 Ut
851 1568 1201 1630 microscopium
1239 1570 1295 1618 ad
1335 1573 1608 1632 polyporum
1647 1573 2078 1632 contemplationem
2109 1567 2245 1631 poffir.

185 1632 404 1682 adhiberi.
442 1633 824 1681 Fasciculosorum
849 1636 1125 1694 polyporum
1141 1650 1318 1682 motum
1334 1652 1431 1681 non
1453 1635 1533 1681 effe
1554 1652 1705 1681 veram
1725 1637 2017 1683 rotationem.
2054 1634 2250 1686 Modus,

185 1716 276 1759 quo
303 1715 353 1745 ea
377 1699 645 1745 animalcula
681 1699 1070 1758 multiplicentur,
1115 1697 1334 1746 divisione
1363 1701 1404 1746 ἃ*
1434 1698 1755 1746 subdivisione.
1839 1702 1910 1746 De
1940 1711 2070 1746 motu
2110 1714 2246 1758 pecu-

182 1763 283 1809 liari
312 1764 465 1809 trunci
494 1779 651 1809 eorum
678 1764 949 1809 communis.
1020 1763 1118 1809 Alia
1149 1761 1314 1822 species
1340 1765 1612 1823 polyporum
1643 1780 1697 1810 ex
1727 1781 1823 1810 uno
1856 1777 2021 1811 trunco
2059 1761 2243 1809 nascen-

181 1827 298 1873 tium
318 1861 331 1881 ‚
362 1827 463 1873 flori
490 1825 667 1880 fimilis,
707 1827 841 1873 etiam
868 1826 1173 1873 dividentium
1195 1826 1238 1873 se
1265 1829 1306 1874 &
1336 1826 1726 1874 lubdividentium
1752 1829 1800 1874 in
1826 1845 1947 1875 nova
1969 1828 2198 1874 animalia.

314 1909 371 1955 In
400 1906 511 1956 Phil.
541 1908 696 1968 Tranfi
728 1909 776 1954 L.
804 1908 901 1955 P.1.
937 1909 992 1955 de
1017 1907 1273 1955 discrimine
1299 1908 1510 1955 favorum
1541 1926 1678 1970 apum
1707 1912 1748 1957 ἃ
1781 1911 2041 1971 plantarum
2073 1908 2127 1956 de
2165 1925 2246 1957 co-

180 1973 417 2020 ralliorum
447 1970 585 2019 claffe.
653 1971 807 2019 Testas
830 1974 927 2020 illas
955 1972 1090 2020 duras
1123 1971 1204 2019 effe
1232 1974 1438 2020 animalis
1463 1973 1563 2020 offa.

306 2056 381 2115 EJ.
417 2055 666 2115 Instruffion
685 2054 793 2101 d’un
810 2067 914 2115 pere
932 2071 958 2100 a
974 2055 1039 2114 ses
1069 2055 1220 2116 enfizns
1235 2053 1317 2113 sur
1341 2055 1385 2101 la
1413 2067 1569 2102 nature
1599 2053 1657 2112 ἐξ
1673 2056 1753 2115 fier
1784 2055 1826 2102 la
1852 2056 2029 2118 religion
2063 2056 2245 2102 GeneV,

183 2131 318 2177 1775.
343 2125 385 2172 8.
418 2117 612 2166 2.Vol.*
678 2119 733 2164 In
760 2119 910 2165 Tomo
935 2119 968 2164 Ι.
1001 2117 1098 2165 fuse
1122 2120 1176 2164 de
1201 2119 1471 2166 animalibus
1500 2121 1671 2180 agitur,
1700 2132 1753 2166 ut
1775 2137 1930 2166 eorum
1959 2118 2247 2181 physiologia.

177 2183 232 2230 ad
249 2195 430 2243 captum
444 2183 667 2243 juvenum
682 2195 994 2243 proponatur3
1031 2181 1172 2230 fufius
1186 2195 1338 2229 tamen
1355 2185 1629 2244 polyporum
1646 2183 1805 2230 diverli
1825 2185 2000 2244 generis
2024 2186 2241 2231 miracula

179 2258 491 2307 exponuntur.
555 2247 780 2307 Aptitudo
806 2245 986 2293 fabricae
1010 2247 1061 2293 in
1079 2263 1256 2307 quaque
1276 2247 1542 2293 animalium
1561 2247 1686 2295 classe
1713 2248 1766 2294 ad
1796 2246 1928 2294 suum
1950 2251 2052 2294 vitae
2076 2265 2242 2308 genus,

177 2311 248 2357 De
275 2311 547 2364 ventriculo,
578 2313 783 2357 corilione
812 2310 1036 2365 ciborum,
1075 2312 1357 2365 nutritione,
1399 2311 1548 2358 corde.
1619 2313 1898 2372 Conparatio
1932 2311 2110 2359 fabricae
2143 2314 2237 2358 ani-

178 2375 307 2421 malis
338 2390 441 2420 cum
464 2375 718 2435 vegetabili.
790 2377 1008 2422 Accurate
1041 2392 1121 2436 pro
1161 2376 1454 2429 evolutione,
1491 2389 1650 2423 contra
1686 2374 1957 2437 epigenefin.
2047 2378 2243 2423 Novum⁴

178 2439 346 2484 animal
370 2439 524 2485 matris
549 2451 720 2498 partem
747 2438 854 2492 effe,
902 2440 956 2485 ab
990 2455 1039 2485 ea
1072 2437 1154 2485 suo
1187 2451 1391 2500 tempore
1425 2439 1664 2493 decedere,
1703 2441 1752 2486 in
1784 2443 1910 2486 omni
1946 2457 2106 2500 genere
2143 2440 2246 2484 ani--

177 2504 361 2549 malium
382 2536 393 2555 ,
428 2504 479 2548 in
506 2503 674 2563 polypo
699 2503 910 2563 perinde,
944 2515 997 2548 ut
1020 2504 1066 2548 in
1098 2502 1298 2549 humana
1329 2501 1486 2564 specie.
1556 2504 1801 2551 Instinfms
1827 2507 1868 2551 &
1898 2504 2115 2549 industria
2142 2504 2238 2547 ani-

176 2568 393 2619 malium,
431 2567 696 2627 congenita,
732 2582 879 2626 neque
922 2583 1000 2626 per
1040 2568 1361 2627 experientiam
1403 2566 1638 2627 adquisita.
1731 2567 1958 2615 Mirificus
1995 2566 2245 2612 confluxus.

176 2631 510 2676 nonnullorum
537 2631 806 2691 polyporum
833 2632 883 2676 in
915 2647 1061 2676 unum
1087 2632 1266 2677 animal,
1336 2632 1580 2679 Societates
1596 2632 1875 2679 animalium.
1944 2633 2054 2678 Haec
2079 2631 2247 2681 omnia:

178 2694 234 2740 ad
259 2693 373 2742 fines
394 2693 676 2756 potiffimum
697 2692 908 2755 physicos
936 2696 977 2741 &
1003 2696 1295 2757 teleologicos
1326 2696 1614 2757 adaptantur.

661 2822 707 2880 §-
742 2825 912 2877 MLV.
1011 2829 1198 2888 Erncstus
1231 2829 1439 2873 Antonius
1473 2827 1719 2874 N1COLA1.

307 2923 462 2982 Ermst.
480 2923 896 2976 Ant0n.NxcorA1‚
922 2923 1153 2971 KRUGERJ
1173 2923 1434 2983 discipulus,
1460 2923 1676 2971 Professor
1694 2923 1912 2980 Jenensss,
1940 2925 2082 2972 multa
2101 2923 2242 2983 scrip·-

180 2979 235 3065 fit
262 2987 515 3047 argumenti
540 2985 869 3051 phyfiologici:
933 2991 1020 3038 Von
1057 2988 1137 3038 den
1177 2986 1459 3100 &Zagkgngen
1496 2988 1575 3036 der
1600 2987 2001 3054 Einbildungskraft
2040 2990 2125 3049 auf
2138 2988 2244 3114 [dria

1385 3062 1420 3102 2
2053 3068 2143 3102 men
2167 3066 2243 3100 §.³⁴-
