2531 3394
313 108 409 156 544.
462 96 464 99 ·
695 62 856 144 ἰω
899 76 1016 143 ιΧζ
1056 85 1476 142 ANATOMFS
1524 87 1972 160 PERFECTIO.
2022 127 2034 133 -

310 243 370 274 ne
389 227 564 280 valere,
599 241 702 286 quae
731 225 783 272 in
808 218 1081 272 animalibus
1107 221 1214 270 vera
1241 219 1363 268 sunt.
1430 220 1614 266 Duram
1648 221 1906 282 meningem
1938 236 2135 270 nervum
2166 219 2363 276 habere,=

312 290 495 336 arterias
520 288 761 337 irritabiles
787 288 869 336 effe
889 309 906 343 3
951 305 1003 335 eo
1030 286 1331 333 fundamento
1354 282 1424 330 sui
1449 285 1736 344 praeceptoris
1761 283 1982 331 theoriam
2011 286 2126 340 niti,
2164 303 2268 334 cum
2294 299 2363 334 ta-

313 370 419 400 men
444 352 535 414 ipse
568 355 713 401 cultro
742 355 951 400 arteriam
980 367 1075 397 non
1106 349 1309 410 potuerit
1334 349 1391 394 ad
1422 347 1781 394 contractionem
1814 364 2091 408 permovere.
2176 351 2364 412 Experi-

312 429 467 464 menta
494 418 660 478 aliqua,
696 433 836 478 pauca
864 415 1062 476 quidem,
1103 412 1183 460 sua
1211 411 1370 459 adfert.
1673 434 1680 436 >
1854 461 1859 465 .

444 500 500 546 In
529 516 665 560 opere
693 499 744 545 de
774 497 942 559 historia
966 495 1195 557 epidemieae
1220 494 1517 555 constitutione}
1540 491 1782 552 verminofie
1817 493 1942 541 Leid.
1966 500 2101 553 1769.
2127 492 2204 551 8.*
2242 493 2362 556 aspe-

311 577 361 609 re
384 562 434 609 in
461 580 533 610 me
561 563 700 616 dixit,
737 578 832 608 non
858 572 911 607 ut
934 557 1098 606 neceffe
1126 557 1179 605 sit
1201 557 1485 618 respondere.

441 643 664 692 Akraham
690 646 960 691 LEDEBOER
992 641 1043 688 de
1069 639 1348 702 respiratione
1383 637 1507 685 Leid.
1537 650 1672 697 1757.
1704 635 1787 697 4*

443 731 490 782 J.
512 731 630 774 Petr.
656 726 945 772 LOTICHJUS
970 721 1020 768 de
1038 719 1284 783 phosphori&
1311 717 1371 775 ἓξ
1394 724 1525 765 urinae
1541 717 1772 781 phosphoro
1803 719 1929 766 Leid.
1953 732 2089 780 1757.
2116 718 2199 781 4.*

443 806 620 867 Rudolf
637 807 904 852 EVERTSEN
931 803 983 849 de
999 801 1302 865 chyliflcatione
1325 801 1553 861 intestinali
1587 801 1711 847 Leid.
1736 813 1871 860 1757.
1894 800 1977 861 4.*
2007 801 2267 849 Infantibus
2288 819 2364 850 ve-

316 888 387 919 ras
410 871 458 917 in
483 869 707 917 intestinis
732 867 966 929 glandulas
985 865 1203 926 (implices
1223 863 1302 911 effe
1318 899 1330 918 ‚
1366 865 1417 910 in
1443 864 1611 910 adultis
1636 880 1707 911 eas
1729 867 1954 913 excaecari.
2023 867 2079 913 111
2103 868 2362 914 ventriculo

313 936 457 996 inque
487 931 633 981 craffis
661 931 903 984 intestinis,
933 930 1170 991 glandulas
1196 929 1292 975 dari
1317 926 1596 988 compositas.

444 1014 607 1062 Daniel
628 1012 826 1059 Andreas
854 1014 1086 1060 DIEBOLD
1119 1011 1170 1056 de
1200 1014 1297 1057 ae're
1319 1014 1363 1056 in
1386 1007 1622 1056 humoribus
1649 1007 1822 1056 humani
1847 1012 2037 1072 corpor-ir
2074 1012 2368 1073 Argentorati

316 1090 451 1137 1757.
473 1077 555 1137 4.*
621 1080 783 1124 Aerem
808 1077 858 1122 in
881 1074 1100 1133 sanguine
1121 1089 1219 1120 non
1245 1074 1445 1133 reperiri,
1477 1072 1560 1119 nifi
1590 1071 1791 1120 solutum
1818 1075 1859 1120 &
1890 1077 2053 1121 elatere
2081 1076 2364 1123 destitutum.

315 1143 399 1190 Per
419 1141 683 1188 animalium
709 1151 859 1187 cutem
893 1137 1157 1185 difficillime
1189 1144 1336 1184 aerem
1363 1148 1621 1196 penetrare,
1659 1154 1736 1197 per
1773 1138 2110 1197 experimenta:
2160 1139 2251 1192 ita,
2288 1145 2366 1185 ne-

316 1223 405 1266 que
437 1222 491 1251 ex
518 1203 668 1265 aspera
694 1206 856 1250 arteria
880 1204 929 1249 in
950 1202 1258 1249 ventriculum
1286 1200 1433 1246 cordis
1457 1199 1682 1247 sinistrum
1710 1202 1880 1247 venire.
1952 1205 1988 1248 A
2015 1199 2183 1264 frigore
2214 1201 2365 1248 serum

314 1270 523 1330 quidem,
561 1284 657 1314 non
681 1279 833 1314 autem
860 1279 1033 1326 partem
1058 1264 1296 1326 sanguinis>
1326 1263 1509 1310 rubram
1535 1263 1727 1311 dilatari.
1798 1265 2023 1311 Foramen
2046 1269 2173 1313 ovale
2199 1266 2364 1320 claudi,

313 1333 423 1380 dum
459 1333 673 1379 auriculae
700 1330 1052 1378 contrahuntur.

444 1419 612 1463 Lorenz,
647 1413 907 1460 CLAUSSEN
947 1410 1000 1458 de
1032 1412 1211 1471 intestini
1240 1409 1427 1457 duodeni
1445 1409 1532 1468 situ
1573 1407 1632 1466 ἓξ
1664 1426 1777 1456 nexu
1809 1407 1926 1469 Lips.
1950 1421 2086 1469 1757.
2118 1410 2201 1470 4.*
2243 1412 2364 1459 bona

314 1477 424 1539 disp.
459 1495 563 1524 cum
587 1480 717 1524 icone
744 1477 939 1536 propria.
1008 1476 1077 1522 Ab
1105 1475 1280 1535 origine
1311 1475 1497 1534 paulum
1537 1473 1829 1526 adscendere,
1873 1474 1979 1519 inde
2014 1473 2278 1522 descendere
2314 1477 2367 1522 in

314 1558 482 1588 caecum
509 1540 652 1601 usque
677 1540 941 1586 intestinum
964 1556 976 1584 ε
1022 1551 1135 1585 tunc
1158 1539 1326 1584 iterum
1352 1535 1652 1584 sinistrorsum
1681 1553 1794 1597 pene
1822 1537 1877 1582 ad
1903 1539 2123 1599 originem
2148 1538 2273 1586 suam
2309 1555 2366 1585 ex

309 1605 473 1666 pyloro
501 1605 677 1651 redire:
713 1604 763 1650 in
784 1603 1045 1664 cartilagine
1071 1601 1152 1648 sub
1182 1602 1345 1648 ultima
1371 1602 1578 1648 vertebra
1604 1599 1721 1647 dorfi
1747 1599 1886 1646 finiri.

430 1691 476 1741 J.
509 1684 712 1746 Christian
733 1686 995 1733 KERsTl-:Ns
1024 1683 1075 1729 de
1102 1687 1393 1730 maturatione
1421 1695 1471 1729 ut
1501 1683 1623 1742 caufiz
1643 1682 1916 1745 praefi53ionis
1944 1696 2170 1746 corporum
2195 1688 2366 1748 organi-

309 1766 454 1798 corum
486 1749 576 1797 diff.
599 1752 633 1796 Ι.
658 1751 700 1797 &
721 1750 780 1795 II.
815 1746 930 1808 Lips.
954 1760 1089 1806 1757.
1122 1745 1203 1806 4.*

441 1832 482 1893 J.
503 1832 777 1893 Jews-sen,
811 1828 991 1890 praeside
1020 1830 1068 1875 A.
1093 1829 1142 1875 E.
1166 1829 1413 1876 BUCHNER
1429 1862 1441 1881 ‚
1477 1827 1529 1873 de
1542 1845 1655 1874 nova
1678 1826 1870 1874 methodo
1883 1827 2042 1887 surdos
2063 1828 2272 1876 reddendi
2290 1848 2367 1878 au-

312 1894 470 1941 dientes
507 1897 613 1941 Hall
656 1907 790 1952 1757.
811 1906 856 1952 4.
908 1894 1123 1953 Lignum,
1158 1891 1339 1938 aliudve
1363 1894 1638 1945 continuum
1667 1891 1922 1951 durumque
1939 1909 2118 1952 corpus,
2145 1894 2374 1941 dentibus.

315 1958 625 2017 superioribus
656 1961 693 2003 ἃ
720 1957 881 2004 surdus
903 1957 1131 2017 adprimit,
1171 1957 1211 2001 ἃ
1229 1956 1308 2014 qui
1326 1972 1428 2002 cum
1455 1972 1507 2001 eo
1528 1956 1820 2015 colloquitur.
1889 1955 1955 2001 Ita
1980 1953 2141 2003 surdus
2159 1959 2365 2004 accurate

315 2021 462 2075 audit,
499 2039 598 2081 quae
624 2024 735 2067 alter
758 2022 1042 2081 pronuntiat.
1092 2020 1467 2079 Experimentum
1494 2029 1619 2078 pater
1640 2020 1697 2064 D.
1719 2019 1961 2080 JORISSEN
1984 2017 2086 2066 casu
2104 2018 2225 2068 fecit.
2275 2020 2367 2068 Ad-

314 2085 383 2131 dit
413 2086 608 2131 cautelas
638 2086 814 2137 varias:
862 2100 960 2130 non
981 2083 1140 2129 debere
1166 2081 1428 2129 vehiculum
1457 2083 1585 2128 vocis
1608 2082 1737 2129 labiis
1763 2081 1969 2142 adprimi.

316 2231 364 2278 H
393 2231 426 2276 ll
444 2167 486 2227 J.
517 2167 943 2260 APOSTBLOWH'Z
990 2163 1129 2212 modus
1177 2180 1258 2224 quo
1301 2163 1463 2224 affifius
1503 2167 1638 2210 animi
1676 2168 1721 2210 in
1762 2161 1992 2211 humanum
2040 2177 2192 2226 corpus
2232 2176 2366 2227 agunt

366 2247 390 2276 a
431 2266 441 2277 .
468 2241 603 2288 1757.
632 2242 675 2288 4.

444 2309 644 2357 Bernard
676 2311 923 2357 Primum
967 2309 1019 2357 de
1056 2309 1175 2356 ovuli
1211 2311 1479 2371 impraegnati
1511 2323 1624 2355 nexu
1661 2324 1754 2355 cum
1793 2318 1914 2355 utero
1958 2308 2080 2355 Hall.
2107 2321 2242 2369 1757.
2282 2306 2366 2369 4.*

315 2372 501 2422 Praeside
521 2371 822 2421 Bucuumzo.

436 2460 484 2511 J.
499 2459 599 2510 Jac.
613 2456 786 2501 ECKER
805 2451 927 2512 tliefi’s
947 2453 998 2499 de
1009 2453 1220 2514 qualitate
1235 2451 1423 2508 hominis,
1448 2451 1500 2500 de
1524 2452 1830 2517 compositione,
1851 2453 2062 2514 sanitate,
2081 2452 2258 2515 spiritu,
2277 2469 2363 2501 mo-

314 2532 365 2569 tu
382 2554 395 2574 ,
426 2519 531 2581 figni
555 2517 718 2565 mediet}
755 2514 949 2563 Altdorf.
973 2529 1108 2575 1757.
1133 2530 1178 2576 4.

451 2598 631 2648 Gabriel
652 2599 795 2645 VEZA
823 2597 874 2643 de
903 2598 1006 2643 Ιαὲἳε
1039 2598 1190 2643 Wien
1213 2610 1349 2657 1757.
1378 2597 1461 2658 4.*

446 2684 609 2728 Anton.
627 2681 812 2731 ST'oRK,
828 2694 907 2740 per
919 2678 1029 2724 alios
1041 2679 1212 2725 labores
1227 2680 1538 2726 celeberrimus
1557 2681 1760 2734 clinicus,
1782 2696 1930 2727 comes
1947 2678 2288 2733 archiatrorum,
2311 2680 2361 2727 de

314 2757 527 2807 conceptu,
551 2756 689 2805 partu
712 2743 925 2796 naturali,
952 2741 1114 2800 difficili
1133 2740 1189 2796 ἓξ
1204 2745 1562 2802 praeternaturctli
1592 2745 1745 2791 Wien
1762 2756 1895 2802 1757.
1916 2742 1997 2801 4.*
2054 2743 2109 2789 In
2129 2754 2260 2789 utero
2279 2743 2361 2790 effe

314 2808 461 2855 sedem
478 2819 738 2868 conceptus.
808 2804 983 2854 Sifetus
996 2806 1047 2852 in
1058 2807 1212 2852 ovatio
1225 2806 1551 2865 conciperetur,
1579 2808 1729 2867 plures
1745 2805 1841 2853 fore
1853 2807 2079 2866 gemellos.
2148 2806 2234 2852 Pro
2253 2824 2362 2853 con-

315 2872 528 2918 tinuitate
541 2872 754 2931 placentae
775 2886 877 2917 cum
895 2881 1056 2917 uteros
1090 2869 1258 2915 Pueros
1274 2868 1367 2914 dari
1388 2877 1455 2916 16.
1481 2870 1614 2918 libras
1632 2871 1894 2932 pendentes.
1947 2870 2078 2916 Uteri
2092 2887 2141 2917 os
2159 2886 2183 2916 a
2201 2887 2361 2917 conce-

318 2944 401 2996 ptu
431 2935 593 2983 claudi.
660 2935 825 2983 Fetum
857 2950 983 2982 nono
1012 2930 1162 2981 mense
1185 2947 1405 2982 cernuum
1428 2932 1470 2981 sc
1503 2934 1621 2984 dare.
1688 2936 1757 2984 De
1789 2930 2052 2983 musculosis
2084 2935 2203 2982 uteri
2232 2933 2359 2982 fibris

2164 2997 2356 3048 dubitat.
