2531 3394
622 187 629 192 -
820 89 822 91 ’
970 120 1193 184 §.1144
1263 120 1310 168 v
1343 121 1381 170 A
1415 120 1581 170 arr.
1826 88 1829 91 ”
2205 138 2290 187 503

369 253 590 313 Benjamin
613 254 756 302 PUGH
799 271 826 301 a
860 253 1036 314 treatifi’
1062 254 1117 315 of
1129 250 1348 313 midwifry
1374 250 1520 315 chiefly
1556 249 1659 300 with
1691 254 1856 315 regard
1889 266 1933 302 to
1971 255 2040 304 the
2069 263 2292 320 operation

240 318 433 365 London
462 331 595 378 1754.
621 318 700 373 8.*
764 319 872 366 Fere
906 319 1091 380 prastici
1115 317 1387 377 argumenti,
1458 317 1710 363 Plurimum
1752 318 1915 365 tribuit
1950 322 2140 368 invento
2179 320 2289 377 suo,

239 397 333 440 quo
355 382 403 428 in
428 382 620 430 transitu
647 400 723 444 per
746 383 955 443 vaginam
980 380 1094 428 fetui
1115 396 1167 426 os
1193 379 1351 439 aperit,
1389 381 1430 427 ἃ
1460 380 1663 442 linguam
1691 379 1903 428 deorsum
1930 385 2107 442 premit,
2133 398 2200 433 ut
2225 403 2293 434 re-

236 443 403 506 spirare
428 445 584 508 possit,
622 447 869 507 multisque
893 447 1045 506 pueris
1074 461 1128 491 eo
1157 444 1351 500 iuvento
1384 456 1516 505 putat
1547 444 1687 491 vitam
1716 443 1758 491 se
1788 443 1987 493 servaffe.

366 545 537 609 Josephi
564 548 816 595 XVARNER
865 543 984 604 Cales
1026 549 1069 590 in
1085 543 1267 605 surgery
1299 541 1402 590 with
1443 543 1636 591 remarks
1679 545 1876 592 London
1911 559 2047 608 1754.
2079 546 2158 601 8.*
2224 551 2294 599 Os

239 626 317 670 per
343 622 431 657 tres
459 609 632 657 menses
662 612 712 657 in
741 610 854 656 dura
885 622 1026 655 matre
1051 606 1215 667 absque
1235 608 1392 653 dolore
1415 609 1637 655 relietum.
1706 610 1893 669 Hymen
1919 611 1969 657 in
1994 614 2140 672 puella
2165 613 2294 660 dimi-

238 674 359 720 diam
388 686 555 735 partem
583 673 683 720 ostii
710 672 908 720 urethrae
937 672 1164 719 claudens.
1235 673 1302 718 Ex
1328 673 1580 718 vulneratis
1601 673 1866 721 tendinibus
1892 676 2020 722 nulla
2046 676 2164 722 vidit
2180 675 2297 738 sym-

239 750 457 798 ptomata.
526 738 758 785 Tendines
782 735 956 783 achillis
979 738 1020 783 &
1041 734 1292 782 extensoris
1323 735 1573 796 digitorum
1593 734 1686 783 sola
1712 738 1863 797 quiete
1888 741 2173 787 coaluerunt.

367 821 441 881 EJ.
480 818 751 880 Description
777 819 832 881 of
840 817 909 865 the
929 815 1086 864 human
1110 834 1202 878 eyes
1234 816 1433 864 London
1455 828 1592 877 1773.
1618 815 1701 873 8‚*
1734 820 1889 868 Brevis
1906 833 2146 877 anatome,
2174 821 2298 886 prin.

241 900 342 945 ceps
370 885 494 931 labor
526 884 611 930 viri
631 881 719 930 fuit
740 885 789 929 in
814 881 1097 943 chirurgicis.

366 967 401 1012 E
403 979 483 1026 JUS
514 978 694 1012 account
717 963 771 1026 of
785 962 853 1011 the
875 963 1076 1024 testicules
1096 961 1208 1009 their
1230 979 1418 1010 common
1446 967 1667 1026 coverings
1693 965 1783 1012 and
1801 978 1917 1014 σοιτίς
1930 986 1946 1021 ‚-
1991 965 2104 1014 their
2125 966 2297 1028 diseas&

241 1029 334 1087 &a
369 1029 565 1076 London
584 1041 719 1087 1774.
757 1030 831 1082 8.*
898 1029 1076 1074 Darton
1105 1024 1403 1073 musculosam
1450 1026 1530 1074 effe
1548 1063 1560 1080 ‚
1597 1030 1807 1090 interque
1834 1031 1946 1078 duas
1971 1031 2204 1079 cellulosas
2233 1045 2299 1080 te-

241 1098 302 1141 las
327 1095 464 1155 poni,
500 1109 691 1154 quarum
714 1092 907 1138 interior
927 1088 1108 1137 craffior
1128 1089 1197 1136 fit.
1265 1091 1503 1136 Laminam
1529 1092 1757 1139 internam
1783 1096 1952 1142 tunicae
1979 1096 2199 1157 vaginalis
2227 1095 2299 1144 fu-

239 1160 381 1205 niculi
409 1156 660 1218 spermatici
697 1172 774 1217 per
806 1166 991 1202 tenuem
1021 1155 1379 1200 membranulam
1414 1154 1641 1202 cohaerere
1677 1174 1781 1204 cum
1811 1159 2010 1220 vaginali
2044 1159 2196 1215 testis,
2239 1159 2299 1209 fic

240 1220 359 1268 nasci
382 1220 554 1281 septum
583 1221 702 1266 inter
737 1231 907 1280 partem
934 1217 1132 1265 funiculi
1169 1217 1446 1278 superiorem
1481 1221 1522 1266 &
1547 1218 1824 1269 inferiorem.
1903 1223 2203 1285 Albugineam
2227 1236 2301 1273 tu-

239 1286 386 1332 nicam
415 1285 575 1331 leviter
603 1285 796 1330 mediam
825 1295 998 1344 partem
1027 1282 1348 1343 epididymidis
1388 1287 1656 1332 connectere
1683 1302 1788 1333 curn
1811 1286 1946 1342 teste,
1982 1288 2134 1336 tenuis
2158 1306 2299 1337 mem-

235 1350 439 1396 branulae
468 1364 568 1410 ope,
597 1365 698 1408 quae
721 1349 969 1409 ligamenti—
988 1345 1179 1408 speciem
1208 1345 1385 1394 habeat.

369 1453 490 1498 Petri
515 1448 645 1496 Pauli
669 1449 885 1495 TANARA
916 1458 1106 1495 trattato
1131 1446 1180 1493 di
1209 1444 1431 1509 chirurgia
1465 1447 1640 1496 Firenz.
1660 1461 1797 1510 1754.
1823 1456 1865 1505 8.
1888 1449 2079 1499 2.Vol.*
2147 1454 2299 1503 Brevis

238 1512 519 1575 physiologia
544 1513 600 1559 ad
626 1513 1004 1563 WmsLOWUM.

367 1593 614 1644 BROUZET
633 1592 739 1656 ffzy
751 1593 834 1653 sicr
860 1594 1120 1641 l'education
1146 1593 1397 1641 medicinale
1427 1595 1550 1643 Paris
1572 1609 1707 1657 1754.
1741 1609 1812 1645 12.
1845 1598 2033 1646 2.V01.*
2067 1601 2138 1646 De
2166 1617 2300 1662 gene-

233 1660 441 1712 ratione3
480 1657 784 1708 BUFFONIUM
802 1658 876 1705 hic
897 1657 1114 1720 sequitur.
1184 1657 1373 1706 Sensum
1401 1672 1586 1707 acutum
1614 1662 1949 1723 glandularmn,
1973 1663 2143 1710 dictum
2167 1664 2299 1714 Theo-

231 1723 352 1787 philo
374 1727 614 1776 Romen,
658 1740 738 1783 pro
773 1725 974 1784 principe
1007 1724 1057 1769 in
1093 1724 1395 1770 irritabilitate
1433 1725 1625 1771 invento
1656 1725 1806 1773 habet.
1875 1728 2129 1788 Organicas
2161 1730 2300 1790 parti-

239 1791 360 1835 culas
387 1804 514 1848 teque
554 1786 683 1834 facile
715 1785 759 1833 se
799 1787 1033 1834 adtrahere
1064 1801 1200 1847 atque
1237 1786 1396 1834 salium
1437 1790 1697 1836 moleculas.
1769 1791 1855 1837 Pro
1885 1793 1931 1836 vi
1959 1792 2299 1852 imaginationis

241 1865 465 1898 maternae.
536 1852 650 1899 Puer
679 1850 806 1899 sexto
843 1851 994 1899 mense
1031 1851 1130 1914 post
1163 1851 1361 1912 priorem
1398 1869 1591 1913 puerum
1628 1854 1789 1902 editus.
1858 1856 1971 1902 Non
2000 1858 2102 1903 vult
2132 1874 2298 1919 pueros

240 1919 349 1963 laste
375 1916 555 1963 nutriri.

371 2003 467 2046 Car.
496 1997 605 2043 Lud.
627 1998 675 2045 N
679 2011 963 2046 EUENHAHN
991 1996 1243 2057 vermischte
1270 1997 1602 2060 Anmerkungen
1625 1998 1732 2047 iiber
1754 2005 1887 2063 einige
1911 2002 2170 2063 auserlefhne
2195 2009 2298 2052 Μαι

236 2066 369 2110 terien
392 2079 476 2111 zur
508 2061 801 2124 Beforderung
819 2061 1059 2113 niitzlicher
1089 2069 1151 2111 W
1149 2060 1433 2124 iffis’nfhhnften
1470 2064 1652 2124 Leipzig
1680 2076 1813 2123 1754.
1841 2069 1916 2119 8.*
1982 2067 2054 2112 De
2075 2068 2297 2116 brevitate

240 2129 346 2174 vitae
368 2125 594 2172 humanae.
664 2127 735 2172 De
757 2126 898 2174 causis
934 2125 1119 2173 diversae
1157 2126 1317 2174 formae
1346 2128 1396 2172 in
1424 2125 1721 2182 hominibus,
1757 2127 1866 2175 hinc
1898 2129 1954 2176 de
1987 2134 2294 2191 generatione.

240 2193 401 2238 Semen
431 2188 678 2238 masculum
715 2190 770 2237 ab
801 2191 1018 2238 omnibus
1050 2192 1253 2251 corporis
1290 2190 1498 2251 partibus
1538 2192 1773 2245 decedere,
1810 2209 1958 2253 neque
2000 2208 2151 2242 tamen
2189 2197 2297 2244 deli-

239 2255 498 2301 neationem
527 2252 729 2302 hominis
751 2256 1000 2302 continere.
1070 2253 1228 2302 Causae
1256 2268 1440 2315 propter
1463 2272 1572 2315 quas
1595 2254 1742 2303 fetum
1763 2273 1946 2318 aequum
1966 2257 2068 2306 effet
2086 2262 2201 2320 patri
2215 2260 2296 2308 effe

239 2315 521 2364 similiorem:
558 2334 895 2379 nonnunquam
920 2331 1075 2366 tamen
1100 2331 1346 2366 maternam
1373 2321 1624 2378 potentiam
1655 2323 1917 2381 praevalere.

365 2398 422 2444 In
436 2400 497 2445 ΙΙ.
517 2399 650 2445 Toni.
678 2413 812 2459 1755.
843 2398 922 2454 8.*
958 2401 1012 2447 de
1034 2400 1241 2447 hominis
1271 2400 1407 2447 variis
1427 2402 1676 2449 animabus.
1743 2403 2079 2452 RlvalANUM
2109 2407 2295 2453 tertium

239 2462 514 2523 principium
539 2463 766 2516 admittit,
803 2481 858 2509 ex
878 2465 977 2511 luce
1007 2463 1236 2525 puriffima
1259 2462 1573 2522 conpositum,
1611 2467 1722 2513 dum
1754 2469 1903 2514 anima
1931 2486 2028 2529 pars
2065 2469 2125 2515 est
2161 2469 2295 2516 effen-

238 2527 313 2574 tiae
338 2526 520 2572 divinae.
588 2527 701 2572 Non
724 2528 774 2573 in
797 2542 948 2574 mente
977 2527 1217 2576 discrimen
1244 2528 1306 2574 est
1323 2562 1336 2580 ‚
1361 2525 1434 2573 sed
1461 2530 1510 2575 in
1531 2546 1732 2590 corpore.
1797 2533 2020 2579 Homines
2053 2534 2293 2592 primaevos

238 2588 402 2651 absque
434 2588 615 2636 stimulo
652 2606 846 2638 venereo
881 2589 1036 2647 fuisse,
1083 2608 1231 2652 neque
1272 2589 1462 2653 speciem
1496 2592 1621 2640 suam
1655 2595 1941 2657 propagasse:
1989 2594 2294 2657 superstitiosa

236 2655 403 2715 aliqua,
1724 2657 1726 2659 “

369 2736 425 2783 Τ.
446 2735 529 2782 111.
565 2748 651 2794 175
663 2747 702 2793 ς.
729 2738 806 2791 8.*
872 2738 942 2784 De
970 2736 1101 2784 eausa
1133 2737 1383 2800 phosphori
1411 2738 1467 2784 ab
1508 2738 1674 2786 aethere
1705 2740 1755 2787 in
1795 2742 1980 2787 animali
2010 2741 2139 2804 adipe
2183 2755 2294 2792 tam.

240 2815 374 2860 quam
403 2798 485 2846 suo
513 2802 737 2848 elemento
767 2801 962 2848 vortices
994 2800 1202 2850 faciente.
2226 2814 2231 2819 “

367 2882 423 2927 In
453 2883 510 2929 T.
537 2881 619 2929 IV.
656 2889 793 2942 1756.
823 2885 899 2937 8.*
931 2885 1011 2931 vix
1041 2885 1288 2945 quidquam
1317 2882 1409 2931 huc
1435 2883 1556 2932 facit.

373 2962 450 3024 EJ.
500 2968 539 3015 V
537 2962 753 3026 ermischte
780 2964 1039 3015 Bibliotheck
1058 3001 1071 3022 ‚
1117 2966 1221 3016 oder
1243 2968 1445 3030 Ausziige
1477 2965 1793 3029 verfihiedener
1818 2985 1903 3021 zur
1929 2970 2295 3087 Arzneygelalhrt-

2203 3049 2290 3093 wlf,
