2531 3394
600 107 647 167 §-
685 119 803 170 1051
853 134 904 144 -
939 117 1075 170 1053.
1135 99 1214 154 *De
1242 104 1290 153 la
1319 101 1531 152 SONE.
1598 101 1829 152 VARII.
2141 114 2233 164 377

300 235 363 288 N.
386 252 496 300 474.
530 211 748 296 Joliannes
775 242 1055 288 MITCHELL
1087 232 1296 282 decausa
1326 232 1524 294 nigroris
1557 220 1866 292 Aethiopum.
1917 231 2010 281 Effe
2046 207 2094 280 in
2122 245 2227 280 cute

87 322 99 329 f
170 302 318 358 crassa,
353 307 402 350 in
427 321 514 365 qua
540 306 651 350 radii
681 305 794 351 lucis
819 295 1043 353 haeffieana
1078 315 1225 358 neque
1246 297 1549 343 reflectantur.
1616 297 1684 342 Ex
1706 295 1814 341 aestu
1840 299 1932 342 caeli
1955 296 2111 344 sensim
2137 295 2227 344 fus-

54 382 65 391 *
157 383 286 422 eam,
323 368 519 429 demque
541 370 716 430 nigram
745 381 894 422 cutem
921 364 1084 412 saetam
1107 360 1203 407 effe.
1273 361 1411 407 Redit
1433 360 1482 406 in
1507 359 1667 406 Hamb.
1699 364 1881 420 Magaz..
1905 361 1960 405 T.
1978 361 2012 406 Ι.

293 448 392 504 Joh.
416 452 665 497 BARTRAM
693 448 855 497 Ostrea
873 443 1195 505 Pensylvanica
1217 440 1504 503 protrufione
1528 438 1772 487 increscere
1791 474 1804 494 ‚
1835 452 1890 486 ut
1915 452 2039 486 tunae
2061 439 2218 488 solent.

296 532 352 577 In
384 534 494 592 Hist.
522 532 575 577 de
602 529 773 578 l'Acad.
807 541 941 588 1744.
974 527 1027 573 de
1055 526 1303 573 COUDERE
1333 524 1386 571 de
1416 526 1567 570 catulo
1591 521 1856 583 proboscide
1885 520 2102 568 instruffto
2127 555 2139 574 ,
2174 523 2227 568 in

166 611 256 656 qua
282 596 467 655 propria
497 593 584 641 offa
611 606 750 641 erant.

292 677 364 722 De
398 674 692 736 Aethiopibus
725 675 861 728 albis,
896 674 975 734 qui
1005 690 1060 719 ex
1083 671 1201 719 veris
1229 670 1425 732 Nigritis
1452 668 1714 717 nascuntur.

200 772 203 773 ’
290 757 410 803 Puer
436 768 596 817 praeter
625 771 798 801 morem
819 772 1031 815 procerus
1048 789 1060 808 ‚
1097 752 1171 800 sed
1196 752 1315 799 idem
1344 753 1522 798 ratione
1546 768 1660 812 pene
1688 749 1944 796 destitutus.

289 837 531 899 Sanguinis
562 837 616 883 de
647 853 764 884 vena
788 837 964 883 fluxum
994 837 1154 896 utique
1179 851 1259 895 per
1282 847 1504 881 terrorem
1531 832 1741 897 inhiberi.

286 920 342 966 In
368 921 517 966 Tomo
540 918 644 964 VII.
678 919 771 964 Aa?
802 923 915 964 Nat.
948 923 1044 966 Cur.
1076 934 1198 964 anno
1229 928 1365 976 1744.
1401 913 1567 963 excuso
1604 914 1756 962 Tobias
1782 909 1973 960 Henrich
1998 911 2220 960 HAHENE

159 981 241 1041 obs
265 996 336 1029 11.
371 983 448 1030 dat
482 982 662 1043 vagitus
691 983 861 1028 uterini
887 983 1162 1042 exemplum.

220 1075 225 1081 '
293 1064 389 1124 Ohs.
418 1076 486 1112 12.
525 1062 726 1109 scrotum
751 1063 1027 1110 restitutum.

288 1144 381 1205 Obfi
414 1157 484 1202 13.
516 1147 756 1206 pulmones
779 1145 983 1206 undique
1008 1145 1161 1193 adnati
1187 1144 1309 1193 salva
1333 1142 1642 1204 respiratione.

288 1225 590 1289 Christophorm
619 1227 832 1275 Conradus
855 1229 1087 1275 SICELIUS
1113 1228 1194 1288 obs
1217 1234 1292 1282 80.
1328 1225 1501 1273 menses
1527 1226 1576 1272 in
1603 1224 1754 1271 vetula
1780 1222 1913 1271 vidit.

282 1309 324 1370 J.
349 1308 622 1355 GRASHUYS
653 1308 735 1368 obsi
758 1321 860 1365 130.
900 1308 997 1355 fuse
1026 1310 1079 1355 de
1104 1322 1209 1356 ortu
1231 1308 1503 1368 hydatidum
1526 1323 1581 1352 ex
1602 1303 1809 1352 cellulosa
1836 1306 1938 1352 tela.

278 1390 418 1437 IDEM
455 1391 504 1436 in
549 1389 642 1437 diff.
674 1390 728 1437 de
760 1395 1032 1453 generatione
1065 1393 1183 1454 puris
1225 1389 1504 1439 Amsterdam
1528 1400 1664 1446 1747.
1701 1390 1772 1441 8.*
1817 1388 1966 1447 aliqua
1995 1384 2129 1432 habet
2164 1384 2220 1431 ad

155 1452 413 1501 cellulosam
437 1457 572 1501 telam
605 1457 647 1501 ὃς
669 1455 861 1515 adipem.

291 1536 381 1584 Vol.
403 1536 531 1584 VIII.
550 1537 645 1583 ΛέΞ.
665 1542 778 1584 Nat.
802 1541 901 1584 Cur.
929 1536 1011 1596 obs.
1034 1543 1109 1590 81.
1141 1537 1227 1583 Pro
1255 1534 1426 1582 femina
1451 1533 1635 1581 habitus
1664 1544 1819 1594 partus
1844 1549 1949 1580 vere
1972 1530 2213 1579 masculus.

276 1618 333 1664 In
348 1617 454 1666 Bibl.
472 1621 583 1665 Brit.
605 1631 739 1678 1744.
757 1620 891 1666 Tom.
910 1620 992 1666 ΙΙΙ.
1023 1620 1172 1680 aliqua
1184 1617 1275 1665 huc
1289 1616 1464 1664 faciunt
1478 1616 1747 1663 continuata
1762 1632 1797 1661 a.
1820 1621 1954 1674 1746.
1974 1615 2108 1661 Tom.
2128 1613 2214 1660 IV.

280 1701 337 1747 In
364 1705 414 1746 K.
444 1700 633 1760 Swenska
661 1699 869 1759 Wetensk.
898 1701 1037 1747 Acad.
1065 1699 1329 1762 lmndlingar
1361 1712 1494 1758 1744.
1532 1703 1632 1753 Jac.
1656 1700 1905 1744 MOUNSEY
1941 1696 1994 1742 de
2020 1695 2115 1743 fetu
2140 1708 2215 1753 13.

153 1764 284 1811 annis
305 1764 500 1825 gestato,
537 1782 615 1825 per
640 1764 907 1810 incilionem
932 1763 1123 1811 feliciter
1144 1778 1336 1811 exemto.
1407 1762 1544 1810 Redit
1564 1763 1614 1808 in
1638 1760 1751 1809 Phil.
1784 1761 1938 1820 Trans.
1970 1777 2016 1807 n.
2036 1767 2147 1819 486.

282 1847 418 1893 IDEM
451 1844 562 1892 Phil.
593 1845 745 1904 Trans]
779 1862 824 1892 n.
842 1852 950 1904 486.
985 1846 1229 1893 Mustelam
1257 1848 1424 1892 nonin
1456 1861 1611 1890 ranam
1635 1841 1982 1896 transformari,
2019 1859 2167 1913 neque
2189 1859 2217 1889 a

152 1926 261 1957 rana
281 1909 428 1957 nasci>
465 1911 508 1956 &
541 1908 646 1956 fieta
668 1909 749 1956 effe
782 1912 1012 1971 exempla,
1051 1911 1218 1970 quibus
1246 1910 1343 1956 haec
1367 1906 1739 1968 metamorphosis
1762 1905 1996 1953 adseritur.

279 1997 428 2040 Petrus
450 1991 637 2040 ELVIUS
654 2026 667 2045 ‚
695 1991 882 2039 celebris
906 1994 1166 2046 Geometra,
1207 1992 1262 2038 de
1283 1991 1404 2039 fastis
1434 1988 1764 2037 emortualibus
1790 1991 1831 2036 &
1860 1988 2079 2051 natalitiis
2105 1988 2214 2035 civi-

86 2057 94 2076 *
152 2058 258 2104 tatis
291 2057 351 2104 V.

280 2139 335 2185 In
368 2137 706 2202 Hamburgisclve
739 2137 991 2198 vernzffchte
1021 2136 1304 2192 Bibliotheck,
1341 2154 1465 2184 novo
1506 2137 1676 2189 diario,
1730 2134 1970 2196 Hamburg
1999 2147 2133 2194 1744.
2166 2141 2211 2188 8.

149 2203 190 2264 J.
212 2203 262 2312 Ξ..
287 2204 494 2312 BosLZEN
528 2202 558 2250 s.
582 2206 791 2251 BOLTEN
827 2203 1092 2258 contendit,
1127 2220 1320 2278 puerum
1356 2214 1510 2249 tamen
1542 2202 1592 2246 in
1630 2212 1762 2246 utero
1796 2198 2046 2260 mediisque
2080 2199 2211 2260 aquis

150 2283 209 2327 po
246 2283 268 2312 e
291 2283 337 2313 re
360 2283 520 2327 pirare.

282 2349 359 2409 EJ.
397 2348 598 2395 Historia
624 2347 744 2397 fetus
773 2351 823 2396 in
845 2351 1001 2398 ovatio
1033 2350 1197 2411 reperti
1223 2348 1383 2396 Hamb.
1411 2351 1593 2409 Magaz.
1629 2346 1683 2392 T.
1702 2345 1738 2392 I.

278 2430 358 2491 EJ.
395 2431 464 2476 De
491 2432 629 2477 modo
659 2449 751 2492 quo
776 2449 879 2492 apes
904 2449 1054 2479 ceram
1080 2444 1266 2492 parant,
1302 2430 1413 2477 ibid.

285 2510 493 2573 Chr-{stim
515 2513 824 2561 HANDTwro
855 2514 908 2560 de
933 2512 1020 2560 fitu
1046 2514 1167 2559 renis
1196 2513 1343 2559 dextri
1369 2513 1416 2559 in
1441 2497 1611 2557 femina
1635 2510 2014 2571 praeter-naturali.

265 2595 353 2655 'EJ.
382 2593 443 2640 est
467 2592 577 2654 disp.
615 2594 666 2640 de
696 2594 993 2642 dormientibus
1020 2611 1244 2655 eom-imque
1265 2593 1352 2653 fitu
1383 2593 1601 2640 Rostoch.
1632 2604 1765 2650 1752.
1800 2605 1845 2651 4.

277 2677 352 2736 EJ.
393 2677 595 2739 De'jnsta
611 2676 752 2733 somni
765 2677 974 2736 salutaris
997 2681 1240 2737 quantitate
1266 2674 1324 2732 ἓξ
1349 2675 1548 2735 mensura
1587 2688 1721 2734 1755.
1749 2687 1796 2733 4.

279 2757 355 2817 EJ.
396 2761 465 2803 De
488 2757 661 2816 salubri
681 2757 762 2816 sub
783 2759 930 2818 sonmo
952 2757 1039 2816 situ
1077 2771 1212 2816 1755.
1243 2770 1289 2817 4.
1646 2758 1647 2761 ’

277 2838 353 2898 EJ.
393 2843 458 2884 De
473 2838 644 2897 fizlubri
660 2840 741 2898 fiib
760 2841 909 2900 somno
936 2840 1025 2888 loco
1061 2846 1200 2899 1756.

280 2919 339 2965 Et
364 2921 512 2979 plures
539 2922 588 2967 ni
614 2920 745 2968 fallor
771 2923 885 2970 aliae.

218 3011 360 3070 (Bibl.
382 3018 518 3067 Anat.
547 3021 597 3067 T.
613 3017 717 3075 ΙΙ.)
1296 3014 1335 3064 Β
1357 3015 1390 3061 b
1419 3016 1451 3060 b
2150 3017 2206 3061 122
