2531 3394
509 99 715 192 ςζηαε.
756 145 891 195 1227.
960 133 1189 188 mser.
1254 131 1615 195 JADEL‘OT.
1683 135 1965 188 mrim,
2166 145 2258 195 629

306 272 437 330 *Nica
462 268 700 330 JADELOT
729 266 780 313 de
793 267 901 328 fatti
919 265 1128 314 medicina
1162 263 1311 309 Pont-
1327 263 1605 312 a-Mouss'on
1629 272 1762 324 1766.
1834 269 2007 318 Contra
2033 271 2260 333 Jatroma-'

205 331 483 381 thematicos.
552 333 639 378 Pro
662 332 982 378 irritabilitate.

328 413 404 474 EJ.
445 417 511 460 De
538 413 693 475 legibus
723 413 872 474 quibus
900 414 1066 472 regitur
1091 406 1288 460 machina
1309 413 1459 457 vivens
1488 392 1657 472 ¹Nancy
1678 418 1813 470 1769.
1840 426 1885 472 4.
1949 416 2140 470 Gallice,
2168 421 2254 465 Ta.

204 477 329 526 bleau
356 477 408 524 de
435 478 479 524 la
503 476 693 524 machine
720 475 903 523 animale
919 508 930 527 ‚
967 485 1020 519 ut
1045 475 1162 534 lego.

339 560 395 605 In
419 564 576 613 Journ.
603 558 653 603 de
680 557 843 604 Medec.
876 568 1009 613 1770.
1033 557 1074 601 &
1102 557 1247 613 1773,
1279 555 1487 603 arteriam
1514 554 1716 605 defendit
1741 575 1836 605 non
1865 557 1947 605 effe
1969 560 2256 616 irritabilem,

210 639 360 683 neque
384 622 560 669 causam
585 623 715 668 aliam
737 619 891 680 pulsus
920 619 1146 671 admittit,
1177 633 1340 679 praeter
1358 619 1607 681 impulsum
1630 621 1877 684 sanguinis.

340 703 565 813 IDEMdagl
594 701 762 749 tabulas
788 705 1049 748 anatomicas
1067 701 1177 747 vivis
1205 701 1409 747 coloribus
1429 706 1576 763 pictas
1601 704 1794 751 Arnaldi
1820 705 2096 752 GAUTHIER
2126 707 2261 769 expli..

209 773 391 817 cationes
415 768 470 814 ad
504 768 517 813 i
551 769 601 814 it.

336 851 412 910 EJ.
448 851 660 895 Memoire
680 847 759 907 sur
782 848 826 894 la
848 845 968 906 cause
993 845 1044 893 de
1065 846 1108 892 Ia
1123 846 1339 908 pulsation
1364 845 1434 893 des
1459 858 1623 893 arteres
1665 849 1831 909 Nancy
1859 861 1994 908 1771.
2033 851 2113 903 8.*
2177 850 2266 898 Ea-‘

211 915 314 961 dem
340 913 674 972 experimenta,
707 928 806 972 quae
831 913 899 957 Cl.
925 914 1204 957 ARTHAUD.
1273 910 1489 957 Ostendit
1524 924 1698 958 aortam
1739 929 1859 972 pone
1892 930 1969 960 cor
2004 914 2262 975 longiorem

209 976 466 1026 fieri-corde
494 974 723 1035 pulsante,
763 978 806 1022 &
831 974 1026 1036 figuram
1049 986 1257 1020 mutare:
1307 975 1428 1020 idem
1455 986 1590 1035 negat
1609 974 1734 1029 fieri,
1772 993 1862 1036 qua
1888 977 2048 1024 arteria
2070 993 2098 1024 a
2126 978 2261 1024 corde

209 1043 427 1087 remotior
460 1039 534 1085 est.
605 1041 659 1085 In
689 1056 805 1099 equo
835 1040 998 1085 carotis
1027 1038 1076 1083 in
1099 1039 1265 1097 quovis
1292 1036 1422 1098 pulsu
1450 1036 1643 1091 subsilit,
1682 1042 1722 1086 &
1744 1040 1798 1085 ad
1828 1053 1962 1101 caput
1986 1041 2174 1101 propius
2193 1058 2264 1087 ac-

212 1105 358 1156 cedit,
398 1102 559 1149 deinde
587 1103 642 1149 ab
676 1120 728 1148 eo
752 1104 917 1148 iterum
944 1100 1128 1147 recedit.
1198 1101 1436 1161 Plerasque
1460 1103 1642 1148 arterias
1667 1103 1713 1148 in
1745 1102 1875 1162 pulsu
1897 1103 2028 1150 fitum
2048 1121 2145 1151 non
2163 1121 2264 1151 mu-

210 1180 331 1221 tare,
365 1181 420 1213 ut
442 1164 673 1226 scripserat
701 1166 935 1223 Franciscus
962 1167 1201 1217 LAMURE‚
1236 1181 1384 1224 neque
1405 1165 1459 1211 ab
1489 1181 1537 1211 ea
1564 1167 1817 1212 mutatione
1839 1166 2016 1227 pulsum
2037 1167 2144 1221 effe,
2181 1185 2261 1214 ne-

212 1248 299 1291 que
338 1247 414 1276 cor
449 1245 525 1289 per
559 1227 684 1275 suam
710 1227 965 1275 cellulosam
1003 1230 1136 1274 telam
1170 1229 1394 1275 revinctas
1436 1229 1620 1276 arterias
1664 1230 1718 1276 de
1754 1229 1838 1276 fitu
1871 1232 2091 1291 depellere
2128 1230 2262 1292 poffe.

212 1292 405 1341 Causam
429 1291 581 1352 pulsus
595 1294 776 1339 unicam
804 1291 885 1338 effe
907 1290 1187 1353 sanguinem,
1221 1308 1355 1352 quem
1372 1293 1518 1338 corin
1537 1293 1751 1339 arteriam
1771 1292 2012 1347 submittit,
2040 1296 2265 1355 impetum

210 1373 320 1405 vero
344 1356 496 1402 cordis
521 1357 571 1402 in
612 1356 774 1402 arteria
811 1357 930 1402 recta
964 1372 1061 1402 non
1094 1356 1223 1402 valde
1260 1356 1451 1416 percipi,
1498 1357 1658 1416 utique
1691 1373 1825 1410 vero,
1876 1357 1908 1404 fi
1936 1375 2013 1418 per
2044 1359 2264 1405 flexuram

211 1421 413 1479 aliquam
442 1432 669 1466 curvetur.
754 1420 925 1466 Iterum
965 1418 1120 1480 pulsus
1163 1419 1224 1465 est
1263 1416 1446 1465 effectus
1476 1419 1722 1474 obstaculi,
1759 1422 1883 1481 quod
1919 1422 2087 1482 digitus
2113 1424 2264 1468 motui

209 1481 444 1543 sanguinis
467 1485 674 1544 opponit.
744 1482 876 1529 Nihil
909 1483 963 1528 ad
988 1482 1220 1544 sanguinis
1256 1484 1495 1530 circuitum
1526 1482 1667 1530 facere
1689 1484 1897 1531 vasorum
1924 1487 2157 1532 minorum
2192 1484 2265 1531 ol?-

211 1547 512 1601 cillationem,
549 1563 697 1608 neque
721 1564 751 1593 a
786 1545 988 1594 tensione
1019 1547 1284 1594 arteriarum
1310 1546 1715 1594 inflammationem
1739 1547 1833 1595 effe„

707 1684 745 1734 §-
781 1678 1194 1727 MCCXXVII.
1298 1682 1461 1727 Dia'ria
1490 1682 1594 1726 anni
1622 1687 1757 1739 1767,

338 1777 394 1823 In
407 1774 789 1837 Philofhphicarum
807 1776 1158 1835 Transaclionum
1176 1776 1264 1824 Vol.
1285 1775 1427 1823 LVII.
1444 1775 1474 1822 s.
1489 1778 1599 1822 anni
1621 1785 1753 1835 1767.
1777 1770 1945 1825 Carolus
1956 1778 2161 1826 CLARKE
2173 1776 2266 1838 agit

213 1841 267 1886 de
293 1842 487 1900 proceris
518 1840 848 1901 Patagonibus,
899 1855 1098 1900 quorum
1133 1840 1299 1886 statura
1326 1857 1350 1886 a
1382 1839 1548 1900 septem
1590 1842 1645 1887 ad
1676 1845 1778 1888 octo
1813 1842 1946 1903 pedes
1981 1843 2121 1904 vulgo
2154 1843 2266 1889 aesti-

210 1915 376 1950 matur.
446 1904 530 1951 Sed
558 1921 608 1950 ea
635 1904 849 1950 miracula
873 1906 1123 1958 accuratior
1145 1902 1363 1963 inspectio
1390 1902 1583 1956 sustulit,

348 1982 526 2032 Thomas
547 1987 773 2032 HARMER
799 1984 852 2032 de
871 2002 1047 2033 numero
1076 2002 1256 2033 ovorum
1285 1990 1330 2032 in
1347 1985 1558 2047 piscibus:
1596 1984 1726 2040 sunt,
1765 1987 1844 2047 qui
1879 1991 2146 2048 31686'700.
2178 1986 2270 2035 riu-⁴

212 2060 405 2095 merant.

344 2131 391 2177 P.
415 2132 715 2179 Coum-801<
748 2130 802 2178 de
825 2132 983 2193 magnis
1009 2131 1148 2189 offi'bus
1177 2131 1232 2178 ad
1261 2129 1304 2179 fl.
1325 2131 1454 2180 Ohio
1490 2132 1656 2186 erutis,
1693 2149 1890 2193 quorum
1912 2132 2073 2181 dentes
2106 2134 2266 2180 maxil-

213 2195 327 2241 lares
350 2195 480 2240 valde
505 2193 665 2241 similes
693 2194 807 2241 mihi
835 2196 1051 2242 videntur
1076 2196 1324 2243 molaribus
1345 2195 1598 2257 Elephanti.

342 2276 399 2322 In
420 2280 554 2323 Me'm.
588 2277 640 2322 de
662 2275 831 2324 l'Acad.
857 2277 927 2323 des
948 2280 1131 2325 Sciences
1161 2284 1295 2336 1767.
1341 2277 1586 2323 Ludovicus
1618 2276 1821 2324 Claudius
1853 2275 2030 2326 CADET
2064 2276 2267 2336 analysin

216 2338 318 2385 bilis
347 2340 493 2392 dedit,
528 2343 578 2386 in
604 2357 693 2400 qua
718 2340 1071 2388 alcalescentiam
1092 2358 1171 2401 per
1196 2342 1484 2402 putredinem
1501 2342 1780 2388 incrementa
1807 2345 2056 2403 capientem
2082 2341 2263 2399 reperit,

217 2405 260 2449 &
287 2419 342 2448 ex
370 2419 458 2462 qua
492 2402 691 2450 diversos
725 2403 834 2451 sales
858 2404 1018 2452 habuit
1039 2424 1053 2457 3
1099 2408 1292 2452 alterum
1325 2406 1568 2450 alcalinum
1607 2404 1731 2451 basin
1757 2408 1922 2454 marini
1946 2405 2046 2452 salis
2073 2403 2268 2451 referen-

215 2477 339 2519 tem,
372 2468 564 2512 alterum
591 2479 827 2528 utcunque
857 2468 1056 2515 adfinem
1093 2467 1301 2515 saccharo
1326 2469 1467 2515 lactis.

311 2589 314 2592 ⁴
345 2548 401 2594 In
422 2552 544 2594 Nov.
569 2550 664 2594 Αὲῗ.
691 2553 802 2596 Nat.
835 2554 931 2598 Cur.
963 2551 1021 2601 T.
1044 2550 1103 2596 V.
1144 2551 1305 2596 miram
1343 2548 1575 2597 historiam
1617 2549 1741 2598 dedit
1769 2551 1993 2598 cadaveris
2021 2550 2118 2609 post
2158 2560 2266 2608 150.

217 2628 364 2659 annos
387 2608 528 2657 effoffi
544 2645 555 2664 ‚
594 2613 723 2672 cujus
743 2614 892 2673 capilli
918 2630 1081 2675 magna
1102 2613 1382 2660 incrementa
1404 2629 1641 2674 ceperant,
1680 2616 1720 2662 ὃς
1749 2617 1797 2661 in
1824 2632 1914 2674 quo
1947 2612 2184 2660 acidiffimi
2219 2615 2270 2661 li·-

215 2677 375 2737 quoris
393 2676 585 2735 plurima
610 2674 796 2722 fuerunt
814 2676 1024 2736 vestigia,
1062 2694 1197 2737 quem
1225 2678 1278 2723 de
1304 2678 1516 2724 cadavere
1547 2679 1735 2725 manasse
1764 2691 1984 2738 oporteat.

347 2762 409 2803 D.
436 2758 480 2802 la
508 2756 539 2803 F
545 2771 684 2810 ossE,
716 2756 1060 2817 Monspeliensis
1078 2759 1312 2812 Medicus,
1351 2759 1403 2805 de
1424 2760 1682 2806 calamitate.
1765 2761 1937 2819 EJUSD.
1973 2759 2042 2804 Cl.
2073 2759 2163 2805 viri
2195 2776 2270 2819 pe-

222 2836 302 2866 nes
325 2837 400 2866 me
431 2820 573 2867 codex
598 2821 659 2867 est
684 2821 801 2868 ΜΒ.
832 2820 884 2867 de
899 2819 1123 2883 sanguinis
1142 2836 1261 2870 motu
1289 2823 1516 2870 retardato
1531 2837 1614 2885 per
1644 2822 1936 2883 anastomofi’s,
1976 2821 2034 2879 ἓξ
2051 2823 2148 2869 inde
2165 2834 2270 2869 nato

251 2883 296 2928 ul
316 2900 356 2930 u.

214 2895 248 2944 p
287 2884 325 2944 s
354 2964 411 3011 In
434 2969 555 3014 Nov.
581 2966 678 3015 Αέῖ.
700 2971 870 3015 Natur.
908 2969 1008 3017 Cur.
1040 2967 1129 3018 Vol.
1144 2968 1225 3079 III}
1244 2972 1522 3080 l{n112.k1.767.
1549 2966 1631 3028 obfi
1651 2982 1694 3026 9.
1727 2972 1775 3023 J.
1795 2967 2016 3018 Friderich
2039 2970 2271 3018 KRUGEL-

966 3038 973 3048 ‘
1429 3045 1452 3089 3
2113 3045 2268 3082 eram
