2531 3394
539 93 944 156 §.958—960.
1012 97 1244 146 VARn.
1310 96 1558 172 Bozzl.
1627 99 1967 153 FERREIN.
2179 115 2272 166 253

225 227 374 287 majus
407 225 510 280 effe,
535 244 685 288 quam
722 230 861 288 vulgo
898 240 1115 290 putatur.-
1183 228 1254 273 De
1285 222 1590 271 musculorum
1624 228 1929 278 varietatibus.
1998 221 2066 281 De
2099 233 2274 296 thymo.

228 293 476 345 Orationes
503 292 692 339 minoris
716 290 824 339 sunt
849 292 1093 344 momenti,
1129 305 1282 336 earum
1306 289 1443 334 altera
1468 288 1529 335 est
1557 289 1611 336 dc
1641 291 1918 350 adquirenda
1938 294 2151 346 facultate
2171 315 2278 346 ana-

229 366 410 402 tomica.

270 441 295 451 ‘
356 437 412 483 In
443 441 668 484 Comment.
701 440 858 484 Bonon.
887 436 942 482 T.
957 435 991 481 Ι.
1021 433 1115 494 agit
1137 431 1192 478 de
1218 433 1467 480 vermiculo
1493 433 1670 481 cicadae.

355 520 411 566 In
442 520 495 565 T.
519 520 576 566 II.
606 519 653 565 P.
672 521 706 565 Ι.
737 519 955 576 decerptae
979 532 1034 561 ex
1053 514 1170 561 libro
1192 515 1330 560 modo
1357 515 1478 562 dicto
1504 516 1825 566 adnotationes
1847 531 2125 582 repetuntur.
2174 506 2279 575 Vita

226 583 315 629 viri
344 583 513 644 prodiit
538 583 734 629 Florent.
759 592 896 638 1753.

356 668 562 711 Antonius
584 665 841 714 FERREIN,
879 658 1098 706 Professor
1119 672 1349 708 anatomes
1376 659 1601 708 Parisinus
1632 664 1673 709 &
1693 664 2009 720 Academicus,
2039 684 2173 727 quem
2199 686 2282 717 nu-

227 744 306 788 per
335 728 577 774 amisimus.
647 727 702 772 In
728 726 835 771 XII.
868 725 1152 784 questionibus
1176 724 1400 785 Monspel.
1423 737 1554 783 1732.
1578 732 1654 784 4*
1688 730 1729 773 &
1759 731 1807 774 in
1822 729 1978 787 selech}
2004 734 2146 791 nostris
2169 732 2283 781 (ΣΙήν,

228 793 283 838 T.
309 793 366 838 V.
401 790 661 852 propositis,
698 788 1240 848 reperitur-duodecima,
1274 795 1448 849 quinam
1467 788 1557 846 fint
1574 795 1782 852 praecipui
1793 827 1805 845 ‚
1842 794 2046 853 quomodo
2078 797 2285 855 explicen-

227 867 303 902 tur
333 853 390 910 899
411 866 614 900 curentur
639 853 759 899 lenm
783 852 1023 911 crystallinae
1045 852 1194 897 morbi.
1278 858 1315 899 A
1347 853 1481 899 lentis
1521 851 1605 898 ficu
1640 867 1817 902 mutato
1850 856 2130 904 strabismum
2168 858 2283 906 fieri.

226 920 541 966 Membranam
570 916 787 977 posterius
820 914 1012 961 firmiter
1045 917 1191 961 vitreo
1224 918 1427 977 corpori,
1459 917 1572 963 lenti
1599 917 1745 965 laxius
1782 918 2021 967 adhaerere.
2089 922 2160 968 De
2197 920 2285 969 lus-

227 983 359 1028 citate
386 982 517 1028 etia’m
551 982 592 1027 Sc
620 979 792 1040 duplici
813 977 983 1025 vifione
1011 981 1116 1039 egit.

359 1064 479 1123 Lego
508 1064 641 1108 etiam
670 1061 785 1107 duos
814 1077 960 1106 novos
990 1073 1142 1106 motus
1171 1061 1319 1108 cordis
1354 1060 1669 1117 considerasse,
1714 1067 1890 1111 rectum
1928 1083 2020 1126 quo
2048 1067 2104 1114 ad
2129 1071 2306 1132 pectus*

228 1125 427 1178 accedit,
459 1128 501 1170 ἃ
536 1125 591 1170 ab
622 1142 674 1170 eo
701 1124 894 1175 recedit,
937 1126 975 1170 ἃ
1010 1137 1183 1170 motum
1210 1124 1515 1172 conversionis
1534 1157 1545 1174 2
1580 1143 1671 1186 quo
1690 1139 1840 1173 totum
1865 1146 1942 1176 cor
1958 1129 2000 1176 se
2025 1131 2282 1178 antrorsum

229 1190 472 1236 convertit.
540 1190 675 1234 Illum
700 1200 877 1234 motum
907 1188 1071 1234 tribuit
1094 1187 1278 1235 linubus
1311 1188 1485 1236 venulis
1518 1189 1774 1237 antrorsum
1804 1194 2079 1252 pellentibus
2100 1230 2112 1248 ,
2159 1194 2284 1242 hunc

227 1252 345 1300 finui
377 1251 579 1305 sinistro,
625 1253 765 1311 magis
789 1268 921 1310 quam
951 1252 1132 1304 dexter,
1172 1253 1230 1297 ob
1264 1254 1511 1300 eminentes
1545 1255 1772 1301 vertebras
1797 1257 1975 1305 educto.
2059 1260 2180 1321 Lego
2209 1258 2283 1306 hic

231 1319 452 1363 elementa
486 1317 622 1362 latere
649 1316 763 1362 novi
788 1316 841 1361 de
871 1331 981 1361 voce
1010 1314 1274 1375 systematis.

355 1399 428 1458 EJ.
467 1400 508 1443 &
536 1401 658 1443 Petri
693 1400 876 1443 Antonii
906 1398 1094 1444 l’EPINE
1136 1402 1241 1444 Non
1273 1412 1370 1459 ergo
1395 1399 1545 1460 fistulae
1577 1399 1808 1448 Iacrmnali
1846 1409 2081 1450 cauterium
2119 1406 2283 1453 ac't'zmle

224 1459 358 1509 Paris.
393 1466 527 1519 1738.
557 1473 601 1520 4.
650 1463 691 1508 ἃ
730 1463 778 1507 in
803 1460 1050 1520 selecfilorum
1087 1466 1423 1509 anatomicorum
1461 1464 1516 1510 T.
1546 1464 1630 1510 IV.
1716 1465 2040 1514 Lacru'marum
2073 1471 2168 1517 vias
2210 1471 2283 1517 de-

225 1523 391 1572 scribit.

359 1608 434 1669 EJ.
480 1612 590 1670 Ergo
613 1609 849 1657 mechanica
870 1611 974 1657 aJio
999 1610 1205 1673 pulmoni&
1228 1615 1272 1657 in
1288 1610 1434 1674 fluida
1464 1612 1513 1672 est
1542 1615 1586 1658 in
1608 1623 1794 1674 tempore
1821 1612 2115 1676 exspirationis
2148 1616 2282 1664 Paris.

233 1679 370 1729 1738.
393 1685 465 1731 4.‚
510 1675 551 1719 &
582 1675 631 1720 in
659 1677 805 1735 nostris
823 1674 980 1734 selefh‘s
1011 1676 1162 1722 T.1V.
1217 1677 1457 1734 Organum
1496 1675 1705 1722 describit
1733 1675 2065 1737 respirationis,
2115 1682 2156 1726 ἃ
2188 1694 2283 1727 rete

227 1734 438 1782 vasorum
466 1737 847 1796 lymphaticorum
875 1740 1144 1798 pulmonum
1167 1737 1444 1798 superficiale
1474 1741 1668 1787 valvulis
1689 1740 1970 1789 destitutum.
2041 1742 2284 1801 Qiescere

227 1801 469 1860 pulmones
492 1801 647 1860 pleura
676 1819 840 1862 magno
869 1804 1055 1848 vulnere
1085 1800 1200 1848 laesa.

360 1881 414 1926 In
441 1885 572 1926 slle'm.
599 1882 652 1928 de
686 1883 856 1929 l’Acad.
894 1883 964 1929 des
993 1887 1177 1930 Sciences
1206 1895 1338 1942 1733.
1373 1883 1545 1946 hepatis
1573 1885 1798 1946 duplicem
1831 1903 2009 1934 carnem
2047 1888 2282 1944 distinxit,

230 1945 489 1990 corticalem
512 1948 553 1990 ἃ
579 1947 886 1992 medullarem.
954 1946 1069 1993 Vasa
1098 1948 1257 1995 bilaria
1282 1950 1532 2003 exteriora,
1570 1952 1719 2010 aliqua
1740 1952 1872 1997 etiarn
1901 1952 1951 1998 in
1973 1951 2285 2015 diaphragma-

230 2009 288 2054 tis
314 2006 427 2053 facie
454 2007 661 2055 infcriori
692 2009 933 2071 descripsit.
1002 2012 1136 2058 Dixit
1167 2012 1221 2058 de
1244 2024 1336 2058 rete
1358 2012 1634 2073 lymphatico
1661 2016 1908 2074 pulmonis.

352 2090 407 2136 In
443 2092 550 2152 Hist.
579 2091 630 2136 de
655 2091 825 2137 l‘Acad.
853 2097 987 2149 1738,
1035 2091 1138 2139 vasa
1173 2091 1382 2140 arteriosa
1415 2095 1639 2154 pellucida
1664 2112 1791 2142 uveae
1828 2097 1997 2144 tunicae
2033 2098 2283 2147 Academiae

229 2152 568 2201 demonstravit.
637 2154 803 2201 Eadem
832 2156 882 2201 in
912 2161 1044 2201 spse‘m.
1071 2156 1122 2202 de
1155 2169 1291 2215 1741.
1325 2157 1581 2206 confirmat.

363 2235 534 2281 Eodem
565 2253 686 2282 anno
716 2249 852 2294 1741.
883 2237 978 2296 agit
1010 2237 1064 2282 de
1095 2235 1186 2283 suis
1214 2238 1264 2284 in
1295 2240 1480 2299 larynge
1514 2241 1847 2300 experimentis.
1930 2242 2151 2289 Glottidis
2178 2243 2284 2303 liga-

229 2309 383 2344 menta
411 2297 598 2346 chordas
622 2299 728 2352 else,
766 2316 957 2358 quarum
983 2299 1185 2346 tensione
1207 2302 1322 2347 varii
1345 2301 1439 2348 soni
1464 2305 1577 2349 varii
1600 2307 1775 2365 generis
1803 2307 2128 2365 producantur.
2198 2307 2284 2352 Ni-

230 2360 298 2407 hil
329 2361 382 2407 ad
419 2378 514 2406 earn
547 2365 808 2409 varietatem
839 2362 1043 2410 conferre
1071 2365 1365 2411 arc'tationem
1385 2367 1607 2427 glottidis.
1676 2369 1851 2415 Vocem
1878 2371 2097 2431 cujusque
2117 2371 2284 2417 anima-

229 2425 284 2470 lis
310 2441 388 2485 per
419 2432 565 2470 aerem
591 2427 640 2472 in
667 2425 863 2487 asperam
893 2427 1100 2474 arteriam
1122 2426 1369 2489 impulsum
1398 2431 1604 2491 produci.

361 2521 416 2566 In
440 2525 574 2567 Me'm.
597 2521 648 2566 de
674 2522 844 2568 l’Acad.
876 2535 1011 2582 1744.
1071 2525 1203 2570 Duos
1239 2524 1366 2572 dedit
1392 2531 1745 2576 commentarios
1781 2530 1834 2576 de
1864 2533 1953 2577 oris
1980 2532 2210 2590 apertione
2241 2533 2284 2579 &

231 2583 286 2630 de
309 2582 522 2630 musculis
551 2601 648 2630 eam
679 2587 953 2645 regentibus.
1021 2587 1192 2646 Utique
1218 2601 1353 2648 caput
1372 2606 1396 2636 a
1419 2590 1624 2639 musculo
1653 2595 1861 2640 biventre
1886 2593 2121 2640 retrorsum
2148 2595 2281 2650 duci,

231 2648 342 2694 dum
376 2649 555 2694 maxilla
582 2646 769 2693 inferior
790 2648 1043 2701 descendit,
1080 2662 1238 2697 contra
1268 2654 1565 2702 MONROUM.
1634 2658 1782 2703 Etiam
1806 2659 1987 2717 quando
2008 2658 2185 2703 maxilla
2208 2658 2289 2711 fir-,

232 2712 367 2757 miter
402 2711 650 2763 retinetur,
701 2728 749 2757 os
780 2709 895 2771 poffe
933 2713 1109 2771 aperiri.
1193 2714 1263 2760 Ad
1293 2715 1644 2777 deglutitionem
1682 2721 1935 2768 biventrem
1969 2719 2086 2767 nihil
2122 2719 2282 2770 facere.

151 2816 155 2818 .
230 2775 287 2822 In
322 2774 448 2821 fibris
490 2775 636 2821 cordis
680 2788 857 2821 motum
898 2776 1101 2822 obtinere
1139 2775 1482 2838 progreffivum.

362 2871 416 2917 In
442 2874 576 2917 Me'm.
608 2871 659 2918 de
691 2884 824 2930 1749.
872 2872 1070 2919 Primum
1107 2873 1161 2918 de
1200 2873 1368 2923 fabrica
1398 2893 1559 2926 renum
1594 2879 1645 2924 in
1681 2877 1867 2925 homine
1895 2882 1937 2928 ἃ
1972 2883 2246 2932 animalibus
2267 2918 2280 2939 ‚

232 2933 393 2981 avibus
420 2937 554 2982 etiam
573 2935 865 2998 potissimum.
933 2936 1057 2984 Albis
1083 2935 1183 2985 fieri
1205 2937 1393 2987 vasculis
1422 2943 1550 2988 nulla
1584 2954 1678 2988 arte
1701 2944 1940 3004 replendis.
2007 2947 2148 2995 Porro
2187 2948 2283 2993 lobi

1358 3005 1380 3052 l
1402 3005 1419 3051 i
1455 3016 1478 3060 3
2160 3012 2283 3058 renis
