2531 3394
291 129 386 185 516
701 119 835 172 ιω.
866 118 971 173 ιχ.
1039 108 1461 169 ΑΝΑΤοΜΕ-ς
1507 106 1952 167 armanno.

418 250 536 300 VAN
544 262 808 299 DERBELEN
824 247 877 294 de
890 244 988 293 fetu
1003 243 1203 293 cubatio,
1252 240 1370 288 Vult
1379 239 1518 287 etiam
1535 241 1587 287 in
1608 239 1786 302 virgine
1806 254 1970 301 corpus
1982 240 2158 287 luteum
2169 235 2339 288 vidiss'e.

420 335 579 382 Homo
606 331 750 392 capite
779 329 978 376 vitulino
1008 327 1069 371 D.
1088 325 1316 370 RENsoN.
1910 339 1917 342 κ

423 415 675 463 Boannn
702 411 821 459 fetus
847 422 922 468 27.
945 407 1079 453 annis
1103 407 1153 452 in
1169 416 1305 451 >utero
1327 413 1533 450 retentus
1548 436 1563 456 ,
1594 403 1643 449 >8c
1666 417 1787 449 nov-a
1813 400 1998 451 inte-rim
2022 401 2278 465 concepti&
2339 445 2347 458 ,

419 499 693 556 Anonymus
716 506 883 539 novam
907 488 1127 536 theoriam
1155 485 1279 532 dedit
1303 497 1460 532 motus
1487 482 1767 532 muscularis.

420 578 481 625 In
505 580 638 624 Me‘m.
669 575 720 622 de
747 570 914 619 l’Acad.
942 568 1013 614 des
1037 571 1221 616 Sciences
1248 566 1302 612 de
1333 566 1503 619 Berlin,
1541 569 1665 613 varia
1692 563 1773 612 suo
1795 564 1898 611 loco
1922 560 2116 611 recensa.

424 660 482 707 In
507 660 563 706 T.
576 659 663 705 IX.
695 669 880 702 oeconom.
911 649 1109 713 physical.
1134 646 1493 709 abhandlungen.
1559 646 1762 694 Historia
1783 647 1825 693 ἃ
1848 657 2058 693 anatome
2082 642 2262 692 halecis.

429 742 701 799 Anonymus
725 735 778 782 de
803 733 978 794 apibus,

426 822 501 868 De
529 819 703 867 finibus
731 814 1008 863 insectorum
1026 846 1039 865 ‚
1075 822 1130 858 ut
1151 810 1248 858 vita
1273 807 1491 855 reddatur
1517 805 1785 868 corporibus
1812 806 2024 868 putridis.

430 902 491 949 In
518 902 572 948 T.
593 902 655 947 X.
693 899 958 946 HOFMANN
987 893 1041 939 de
1063 893 1170 940 vitae
1191 889 1404 937 humanae
1432 890 1646 936 termino.

432 985 505 1030 De
529 980 705 1033 somno,
728 996 784 1026 ex
810 976 973 1024 nostris
998 974 1155 1035 primis
1176 958 1323 1024 lineis,
1352 970 1479 1031 prius
1504 969 1555 1015 in
1575 968 1816 1029 Anglicum
1838 965 2090 1016 sermonem
2108 970 2352 1018 translatis.

428 1064 487 1111 In
508 1068 714 1111 Mercure
736 1061 791 1107 de
818 1062 978 1106 France
1004 1052 1159 1116 paffim
1191 1053 1341 1113 aliqua
1373 1051 1663 1111 reperiuntur
1693 1050 1937 1096 anatomici
1967 1052 2258 1113 argumenti,
2302 1062 2357 1099 ut

301 1129 395 1178 {mc
418 1143 543 1175 anno
570 1128 639 1174 M.
663 1126 771 1187 Jun.
799 1124 852 1170 de
873 1131 1090 1168 anat-ome
1122 1116 1425 1177 hippocampi.

432 1210 732 1257 Tovssamr
760 1206 802 1252 &
826 1203 1063 1250 GAU‘rlEa
1085 1197 1242 1259 junior
1272 1195 1574 1255 Obfiervations
1598 1192 1870 1255 periodiques
1898 1193 1981 1254 sur
2007 1195 2049 1242 la
2070 1193 2271 1258 phyfique
2299 1193 2359 1251 &5

305 1273 499 1336 l’histoire
512 1271 718 1319 naturelle
736 1282 909 1314 novum
937 1264 999 1311 est
1021 1261 1230 1313 diarium,
1258 1275 1381 1305 anno
1406 1263 1542 1316 1756.
1567 1256 1856 1317 4.*ceptum.
1926 1259 1980 1304 In
1998 1260 2033 1307 I.
2053 1258 2207 1305 mense
2222 1259 2360 1318 hujus

308 1338 458 1401 operis
487 1337 636 1397 agitur
671 1333 724 1379 de
751 1331 917 1378 mulis:
966 1325 1117 1375 afinus
1144 1339 1200 1369 ex
1230 1329 1353 1381 equa
1366 1320 1538 1368 excisus
1562 1322 1679 1381 patri
1706 1321 1854 1381 longis
1876 1322 2063 1369 auribus
2090 1321 2356 1370 simillimus.
2401 1343 2409 1347 ·

309 1403 476 1461 Aliqua
501 1399 556 1446 ad
582 1410 825 1445 anatomen
860 1391 1040 1440 castoris
1073 1405 1128 1434 ex
1151 1387 1442 1433 WEPEERO.
1510 1383 1770 1431 Monstrum
1805 1400 1861 1430 ex
1899 1387 2106 1432 connatis
2137 1384 2259 1446 quafi
2298 1385 2360 1433 fe-

311 1466 453 1512 tubus
480 1463 720 1513 coalitum,
758 1474 859 1505 cum
888 1456 1038 1515 aliqua
1068 1463 1294 1498 anatome.
1379 1447 1695 1508 Improbabilis
1724 1458 1878 1507 partus
1910 1449 2189 1509 quadrupes,
2227 1450 2360 1509 quin,-

312 1545 400 1589 que
425 1528 476 1574 in
498 1542 595 1573 uno
615 1526 748 1571 oculo
770 1520 966 1582 pupillis.
1035 1515 1356 1575 Experimenta
1371 1527 1476 1558 cum
1495 1511 1611 1557 vivis
1631 1511 1840 1557 anatibus
1866 1525 2009 1572 capta,
2038 1513 2203 1572 quibus
2226 1514 2361 1560 GAU·

315 1605 438 1639 TJER
464 1590 607 1650 capita
644 1584 929 1647 amputavit:
967 1583 1017 1627 in
1040 1579 1183 1639 capite
1222 1592 1351 1636 parca
1382 1575 1488 1622 vitae
1527 1572 1648 1635 figna
1678 1571 1893 1627 fuerunt,
1927 1577 2056 1636 plura
2081 1578 2130 1622 in
2155 1592 2357 1636 corpore.

315 1656 481 1714 Aliqua
509 1653 644 1698 etiam
676 1650 833 1710 capitis
865 1649 907 1693 &
938 1643 1146 1691 medullae
1173 1638 1355 1700 spinalis
1386 1649 1610 1685 anatome.
1678 1637 1780 1683 Ren
1803 1637 1907 1684 urfi.
1976 1641 2161 1685 Lacerta
2191 1641 2364 1686 Ameri-

313 1734 428 1765 cana
444 1719 483 1763 ἃ
500 1717 597 1776 ejus
611 1731 712 1767 cor,
747 1710 960 1760 intestina
974 1742 987 1761 ,
1023 1721 1191 1754 caecum
1209 1704 1293 1750 int.
1311 1703 1589 1763 peramplum
1621 1702 1776 1760 (quod
1791 1701 1905 1749 mihi
1925 1702 2104 1750 videtur
2119 1705 2369 1749 merainte.

317 1782 423 1828 stini
455 1777 721 1832 dilatatio).
791 1776 1033 1821 GAUTIER
1066 1770 1119 1815 de
1151 1782 1314 1825 magna
1356 1767 1518 1811 lacerta
1546 1766 1827 1812 Americana.
1920 1767 2090 1812 Iterum
2133 1764 2176 1812 se
2212 1765 2365 1812 vidisse

318 1860 486 1904 equum
509 1842 754 1889 formatum
775 1872 787 1892 ‚
821 1852 967 1896 neque
994 1832 1122 1880 facile
1151 1829 1434 1877 diffluentem
1452 1861 1465 1881 ‚
1500 1830 1550 1874 in
1582 1827 1750 1874 semine
1775 1828 1947 1876 caballi.
2018 1830 2207 1890 Viperas
2237 1832 2281 1876 ὃς
2308 1831 2369 1876 la-

324 1920 467 1955 certas
495 1905 537 1953 se
565 1903 678 1966 ipsas
705 1901 964 1952 fecundare,
994 1900 1036 1944 δε
1059 1910 1212 1942 ranam
1237 1891 1478 1939 masculam
1503 1889 1622 1938 fetus
1648 1892 1767 1938 intra
1784 1909 1948 1952 corpus
1971 1891 2102 1940 suum
2125 1892 2302 1940 habere,

451 1989 508 2034 In
540 1980 917 2053 Hannoverischen
941 1974 1188 2051 niftzliclien
1216 1974 1512 2035 Sammlungen
1543 1989 1581 2020 a.
1603 1980 1738 2032 1756.
1767 1974 1820 2020 de
1843 1973 2010 2021 astacis.
2079 1975 2215 2021 Anno
2232 1980 2367 2033 1756.

325 2055 368 2100 &
390 2064 523 2110 1757.
546 2051 598 2095 de
625 2048 825 2095 mur-ium
852 2041 1111 2092 itineribus.

458 2132 508 2180 ln
530 2132 679 2193 Jus‘n
710 2128 884 2189 scriptis
913 2121 1068 2186 paffim
1091 2121 1241 2181 aliqua
1265 2117 1357 2165 huc
1374 2115 1554 2163 referas.
1621 2118 1676 2164 In
1704 2117 1784 2164 den
1804 2118 2109 2178 Policeyamts-
2131 2116 2373 2166 Nachrich-

328 2210 399 2247 ten
427 2202 561 2254 1756.
584 2195 732 2253 aliqua
759 2195 812 2238 dc
840 2204 994 2237 verme
1023 2201 1215 2238 canum,
1251 2183 1332 2243 qui
1353 2181 1492 2228 tendo
1516 2179 1571 2227 fit
1599 2179 1680 2228 sub
1703 2183 1858 2242 lingua
1893 2181 2041 2228 media
2065 2179 2263 2243 politus,
2296 2197 2372 2229 cu-

329 2273 374 2309 te
405 2261 573 2320 linguae
606 2258 868 2303 obvolutus.

456 2343 583 2401 Saggi
605 2338 650 2384 di
680 2336 901 2383 Medicina
920 2333 1034 2395 degli
1063 2330 1307 2379 Academici
1331 2325 1690 2388 conghietturdnti
1715 2324 1761 2371 di
1776 2325 1969 2373 Modena
1988 2325 2126 2385 Carpi
2145 2337 2228 2384 175
2236 2331 2277 2372 6.
2294 2323 2376 2385 4*

331 2407 541 2453 Antonius
570 2400 866 2450 MORANDUS
889 2409 1046 2459 negat,
1085 2408 1328 2442 anatomen
1350 2403 1502 2436 tutum
1526 2388 1876 2436 fundamentum
1895 2390 2128 2436 medicinae
2158 2389 2374 2450 praestare.

355 2551 364 2560 .
463 2480 657 2553 Josbphus·
682 2482 966 2527 PAVANELLl
987 2480 1195 2526 Rarum
1223 2475 1276 2521 de
1300 2471 1581 2519 derivatione
1608 2473 1650 2518 ἃ
1674 2469 1926 2517 revulsione
1944 2469 2174 2532 sanguinis
2202 2468 2376 2517 senten-

331 2563 444 2599 tiam
467 2556 698 2608 proponit.

858 2603 902 2661 §.
939 2602 1042 2658 MC
1057 2601 1170 2649 LII.
1269 2602 1519 2649 SALERNE.
1579 2599 1817 2646 Bmsson.

466 2709 731 2758 SALI-:mffffi
765 2702 972 2751 Medicus
994 2695 1350 2750 Aurelianensis,
1387 2705 1518 2756 putat
1546 2693 1590 2740 se
1615 2696 1664 2740 in
1701 2694 1869 2739 minori
1901 2683 2024 2739 otide
2052 2690 2221 2738 femina
2244 2689 2377 2739 testes

341 2770 529 2820 masculi
560 2769 692 2816 sexus
730 2763 968 2826 reperiffe:
1033 2760 1177 2806 videri
1208 2762 1343 2807 etiam
1375 2760 1426 2806 in
1468 2759 1634 2819 majori
1664 2755 1806 2818 specie
1840 2757 2160 2803 PERRALTUM
2192 2753 2381 2802 fimilem

338 2835 611 2884 structuram
632 2828 833 2892 reperisse
866 2822 1100 2887 (capsulas
1130 2822 1371 2878 renales).
1781 2812 1784 2818 ’

466 2916 601 2963 IDEM
630 2916 673 2960 &
702 2910 848 2958 socius
871 2907 1020 2970 operis
1048 2901 1257 2950 Arnauld
1280 2901 1331 2948 de
1356 2903 1690 2974 Noarnvucr
1721 2898 1960 2946 ediderunt
1988 2913 2027 2945 a.
2049 2905 2184 2957 1756.
2213 2898 2383 2963 histoire

341 2979 417 3032 des
436 2984 642 3028 animaux
669 2987 742 3023 12.
778 2970 970 3024 6.Vol.*
1036 2967 1321 3020 Anatomen²
1360 2963 1551 3019 Viscera,
1586 2963 1800 3013 humores
1822 2962 1960 3010 etiam
1984 2962 2188 3012 tradunt.

2329 3025 2386 3078 In
