2531 3394
217 92 227 97 “
276 125 371 169 610
669 116 801 164 Lm.
853 115 944 163 rr.
1031 105 1444 161 ANATOMES
1494 89 1938 177 Pani-acrio:

275 247 559 299 animalculis
587 241 691 294 vere
716 246 831 305 dici,
868 248 974 292 nam
1001 243 1087 290 alia
1111 252 1185 299 25.
1221 234 1411 299 gradum
1441 238 1497 302 R.
1527 253 1625 283 non
1644 236 2210 291 ‘ferre—'32⁷ova²animalium
2237 235 2353 296 (ra-'

275 318 474 370 narum)
510 327 608 358 non
642 309 776 372 sup-ra
812 310 999 372 gradum
1024 318 1100 365 45.
1171 304 1241 351 Sic
1276 310 1366 349 'ova
1397 300 1561 348 muscae
1593 305 1856 348 carnivorae.
1886 307 1899 325 ’-
1935 304 2168 350 Seminum
2195 297 2338 363 majo-
2409 353 2412 358 ¹

277 395 373 426 rem
388 376 468 423 effe
494 375 806 428 constantiam,
833 374 1018 420 edura-re
1035 387 1082 416 ea
1099 367 1154 415 ad
1181 374 1256 414 60.
1285 366 1490 428 gradum,
1517 367 1597 426 qui
1622 377 1774 412 tamen
1800 367 1975 427 plantas
1990 379 2162 420 enecat,
2195 383 2339 427 quan-

277 443 338 490 do
363 441 692 502 germinarunt.
761 439 918 498 Frigus
957 434 1140 496 glaciale
1176 433 1317 492 parcit
1353 432 1451 477 aliis
1488 431 1796 483 animalculis,
1828 432 1914 477 alia
1945 431 2141 491 occidit,
2174 432 2338 493 germi-
2374 452 2376 456 ⁷

280 523 340 562 na
357 508 411 553 s&
436 499 523 551 ova
550 504 703 551 minus
730 502 868 549 laedit.
961 497 1105 545 Pisces
1131 494 1286 556 frig-idi
1308 495 1364 540 ad
1393 492 1531 554 usque
1566 494 1755 555 gradum
1782 505 1855 552 37.
1883 495 1938 540 R.
1972 495 2186 541 tolerant.
2253 495 2338 541 Hi-

278 571 499 619 rundines
513 569 562 615 in
577 570 679 630 gelu
695 566 871 628 glaciali
882 574 1085 623 pereunt.
1154 560 1381 606 Animalia
1400 559 1542 604 calida
1558 559 1689 604 etiam
1718 555 1862 618 sopita
1876 556 2139 618 sanguinem
2168 557 2340 606 habent

272 636 517 686 «calentem,
540 646 594 680 ut
609 630 814 682 erinacei,
832 626 1203 686 vespertilionem
1236 624 1433 669 Pereunt
1444 620 1815 683 eademfrigoris,
1841 638 1936 668 non
1956 620 2337 668 coactishumori-

274 699 365 746 'bus
385 732 398 751 ,
417 696 507 744 “sed
534 713 558 743 a
585 695 737 743 solidis
773 691 976 753 partibus
1005 701 1256 747 utcumque
1282 687 1535 746 corruptis,
1569 684 1757 740 sublata,
1790 698 1844 733 ut
1869 686 2013 732 videri
2044 684 2204 745 poffit‚
2238 686 2339 732 irri-

272 763 517 811 ffiabilitate.
569 761 753 807 Minuta
766 755 1035 802 animalcula
1049 753 1104 798 ab
1119 751 1336 797 odoribus
1351 750 1640 803 occiduntur,
1672 750 1942 811 camphorae,
1973 751 2062 796 olei
2074 748 2340 797 terebinthi-

236 852 242 857 >
268 843 366 880 mae,
392 838 533 872 tuma
549 822 738 870 scintilla
753 819 971 871 electrica,
991 817 1125 863 etiam
1141 815 1365 861 debiliori.
1417 815 1473 860 In
1492 812 1635 874 spatio
1651 821 1751 860 aere
1763 831 1909 861 vacuo
1925 814 2019 867 diu,
2041 813 2096 860 ad
2109 825 2181 872 24.
2202 815 2336 868 diem,

281 890 435 938 eadem
447 887 758 949 supervivunt,
781 886 822 930 &
836 883 1031 941 denique
1047 891 1251 941 pereunt.
1303 879 1794 933 DeNEEDfiAmlANO
1810 877 2000 925 transitu
2020 878 2341 939 vegetabilium

274 954 569 1004 inanimalia,
588 953 627 997 ἃ
646 949 945 1009 sungillorum
965 962 1019 991 ex
1045 945 1196 1005 granis
1209 942 1428 989 frumenti
1442 943 1674 988 maceratis
1696 941 1977 989 nascentium
2004 943 2219 988 invitam
2247 943 2342 988 ani-

273 1019 474 1066 analem:
509 1014 641 1062 Nihil
665 1012 832 1059 habere
857 1010 978 1064 veri,
1015 1008 1214 1054 mucoris
1249 1023 1391 1067 genus
1424 1005 1519 1058 effe,
1556 1005 1646 1052 suis
1672 1023 1774 1052 cum
1814 1007 2050 1066 capitulis,
2088 1007 2138 1053 in
2169 1007 2337 1066 quibus

272 1081 550 1130 animalcula
584 1094 681 1124 non
713 1093 814 1123 raro
853 1074 1139 1124 nidulantur,
1175 1087 1446 1130 caveamque
1470 1068 1681 1116 subeunt.
1750 1069 1912 1117 Nihilo
1948 1071 2093 1131 magis
2124 1072 2343 1117 MUNCH-

276 1150 461 1194 ÷HAUSH
493 1159 631 1204 grana
654 1139 854 1201 sungina
876 1139 926 1184 in
950 1137 1218 1183 animalcula
1244 1134 1520 1181 confirmari.
1588 1132 2212 1194 Animalculamicroscopica
2233 1132 2343 1181 sexu

280 1226 382 1257 anon
406 1207 777 1267 distinguuntur,
814 1201 1176 1262 multiplicantur
1209 1215 1286 1259 per
1320 1196 1584 1245 divisionem
1620 1197 1948 1251 transversam,
2001 1199 2345 1259 perpendicula-

287 1289 398 1325 rem,
425 1270 787 1330 multiplicatam,
807 1283 885 1327 per
909 1280 1091 1326 germen
1112 1263 1346 1315 decedens,
1376 1278 1454 1322 per
1479 1279 1618 1308 ovum
1638 1281 1653 1314 3
1690 1262 1786 1309 hac
1807 1262 1957 1308 noster
1983 1279 2059 1322 per
2079 1263 2340 1309 varietatem

277 1337 666 1391 ,animalculorum
691 1330 987 1392 persequitur.
1057 1328 1126 1374 Ab
1162 1324 1317 1373 adfusa
1351 1342 1469 1386 aqua
1507 1326 1650 1373 vitam
1690 1343 1786 1373 non
1821 1327 2005 1387 perinde
2033 1343 2301 1386 recuperant
2326 1360 2340 1380 ,

285 1413 339 1448 ut
372 1400 538 1445 animal
578 1395 814 1444 rotiserum
837 1429 850 1448 ,
902 1392 977 1439 sed
1009 1392 1170 1452 utique
1208 1407 1307 1437 ova.
1395 1391 1452 1437 In
1488 1388 1748 1450 subjunCtas
1779 1389 1999 1450 Epistolas
2030 1391 2080 1437 C.
2103 1391 2341 1440 BONNETl'

282 1464 436 1511 noster
458 1463 641 1509 notulas
664 1459 853 1520 adjecit,
885 1458 938 1504 -in
965 1457 1131 1517 quibus
1155 1454 1425 1501 sententiam
1454 1455 1508 1500 de
1539 1468 1644 1501 ortu
1672 1455 2051 1501 animalculorum
2074 1454 2199 1508 dicit,
2230 1472 2340 1514 quo-

282 1545 387 1575 rum
418 1544 505 1573 ova
528 1542 593 1571 ‘ex
626 1533 725 1570 aere
751 1522 1014 1569 adveniant.
1101 1521 1400 1567 NEEDHAMO
1432 1516 1474 1564 se
1512 1517 1614 1565 suas
1642 1519 1962 1565 adnotationes
1994 1518 2194 1566 breviter
2226 1519 2344 1575 indi-

279 1591 423 1644 :caffe,
459 1606 564 1637 eum
595 1590 746 1635 virum
777 1602 1060 1648 praepropere
1084 1585 1190 1632 inde
1220 1583 1456 1648 corollaria
1479 1581 1720 1629 deduxisse.

414 1707 470 1753 T.
492 1705 553 1751 II.
586 1703 719 1750 etiam
745 1701 887 1762 magis
917 1700 972 1746 ad
1001 1715 1094 1745 rem
1127 1697 1326 1744 nostram
1354 1696 1474 1745 facit.
1551 1711 1590 1744 Ι.
1629 1695 1704 1744 De'
1725 1698 2036 1751 animalculis,
2072 1715 2172 1760 quae
2204 1699 2254 1745 in
2271 1697 2344 1750 ‚se-

280 1771 410 1819 *mine
446 1768 649 1815 hominis
681 1768 723 1813 Sc
760 1764 1104 1826 quadrupedum
1143 1761 1368 1808 habitant.
1464 1763 1526 1808 Ea
1552 1763 1672 1808 inter
1705 1764 1912 1822 princeps
1949 1762 2009 1808 est
2037 1763 2340 1817 vermiculus,

284 1836 428 1895 capite
453 1831 756 1883 subrotundO,
787 1829 928 1876 cauda
948 1829 1107 1888 longa,
1141 1828 1271 1887 quale
1297 1827 1621 1873 animalculum
1644 1827 1861 1872 NOSTER
1889 1827 1936 1872 in
1958 1842 2054 1885 non
2075 1827 2163 1873 alio
2183 1839 2344 1888 praeter

285 1899 437 1945 semen
461 1898 637 1956 liquore
658 1895 837 1954 reperit.
902 1893 1077 1938 Eorum
1106 1903 1257 1937 motus
1282 1890 1433 1937 vitalis
1455 1889 1717 1936 manifestus
1738 1889 1812 1942 est,
1846 1892 1889 1936 Sc
1911 1892 2090 1950 aliquot
2113 1908 2190 1951 per
2207 1890 2341 1939 horas

288 1964 437 2014 durat,
460 1960 696 2021 postquam
717 1958 769 2003 de
802 1973 989 2017 corpore
1022 1955 1226 2001 animalis
1252 1967 1428 2000 exemta
1455 1952 1644 2000 suerunt
1665 1971 1674 1998 :
1713 1951 1953 1999 discrimen
1973 1956 2022 2000 in
2042 1954 2224 2002 diversis
2250 1958 2344 2002 ani-

286 2026 479 2073 malibus
501 2024 728 2069 modicum
748 2021 824 2067 est.
891 2023 946 2068 In
967 2017 1230 2066 conservato
1254 2016 1422 2064 semine
1434 2018 1672 2064 vermiculi
1687 2029 1878 2076 pereunt
1894 2020 1934 2064 ἃ
1960 2018 2338 2079 exstinguuntur,

289 2089 625 2150 quamprimum
658 2086 848 2146 put-redo
877 2081 1066 2131 acceffit.
1137 2082 1293 2129 Cauda
1320 2098 1418 2142 pars
1449 2081 1712 2128 animalculi
1735 2080 1796 2127 est
1815 2115 1827 2134 ,
1868 2084 1909 2128 ἃ
1943 2093 2172 2142 perpetua.
2242 2085 2341 2130 Hos

284 2153 558 2201 vermiculos
590 2152 765 2210 integra
801 2150 934 2195 etiam
973 2149 1022 2194 in
1043 2146 1363 2207 epididymide,
1398 2158 1451 2193 ut
1474 2161 1630 2192 verum
1666 2142 1890 2205 hospitem
1911 2143 2094 2191 seminis
2127 2145 2339 2202 masculi,

281 2218 483 2276 denique
511 2215 559 2261 in
584 2214 755 2260 arteriis
786 2214 1004 2272 venisque
1040 2211 1304 2257 animalium
1335 2210 1466 2256 vidit.
1536 2211 1687 2256 Altera
1721 2207 1885 2268 species
1924 2207 1983 2254 est
2018 2210 2339 2270 globulorum,

283 2283 387 2343 rejus
422 2278 629 2341 generis,
682 2278 806 2337 quod
841 2279 888 2322 in
931 2291 1048 2336 aqua
1093 2292 1201 2321 cum
1242 2274 1378 2320 variis
1419 2275 1675 2333 plantarum
1707 2284 1786 2318 aut
1832 2273 2099 2319 animalium
2138 2275 2342 2334 partibus

279 2342 438 2393 ‚infusa
466 2342 702 2403 reperitur.
778 2341 831 2386 Id
858 2356 960 2386 cum
990 2339 1230 2399 putredine
1262 2337 1423 2397 incipit
1456 2353 1691 2397 apparere,
1729 2338 1771 2382 ἃ
1805 2334 2020 2396 plusculis
2058 2337 2218 2385 diebus
2237 2354 2343 2384 *mo-

281 2410 379 2455 ‘imile
409 2409 451 2454 &
473 2417 686 2467 vegetum
710 2402 920 2463 superest.
990 2414 1031 2449 2.
1063 2404 1133 2448 De
1156 2403 1250 2448 vita
1278 2402 1542 2447 animalium
1570 2403 1611 2447 &
1635 2402 1891 2459 plantarum
1909 2401 1957 2445 in
1975 2407 2074 2447 aere
2090 2401 2238 2448 clauso
2258 2419 2341 2449 nec

288 2481 527 2519 renovato.
589 2469 787 2520 Semina,
820 2483 921 2518 ova,
953 2468 995 2512 ἃ
1021 2467 1292 2512 animalcula
1317 2463 1552 2511 infusoria>
1575 2465 1805 2510 vivuntin
1831 2465 2055 2524 ejusmodi
2081 2473 2206 2519 aere,
2240 2478 2340 2513 tan-

284 2547 391 2587 2tum
420 2551 476 2580 ne
507 2550 584 2580 vas
616 2531 668 2578 sit
702 2529 1075 2592 angustiffimum.
1168 2527 1339 2582 Causa,
1383 2545 1519 2589 quare
1545 2531 1803 2581 intereunt,
1842 2544 1938 2573 non
1964 2528 2026 2574 est
2061 2530 2173 2575 adeo
2207 2528 2344 2588 respi-

282 2599 480 2650 rationis
509 2595 737 2648 defectus,
778 2592 854 2640 etsi
884 2610 936 2639 ea
970 2595 1130 2652 utique
1163 2593 1361 2646 laborat,
1418 2595 1459 2640 ὃς
1487 2599 1561 2639 aer
1595 2593 1648 2638 de
1680 2593 1842 2638 elatere
1864 2590 1946 2637 suo
1977 2594 2168 2645 amittit,
2205 2608 2341 2652 quam

285 2679 477 2723 <vapores
507 2662 662 2714 noxii,
699 2659 863 2719 quibus
891 2657 1057 2703 animal
1090 2658 1247 2702 vivum
1279 2659 1321 2703 &
1350 2669 1586 2703 mortuum
1620 2664 1765 2702 aerem
1802 2656 2008 2715 replevit.
2103 2658 2257 2711 Qare
2287 2672 2339 2702 eo

283 2728 478 2774 celerius
508 2737 725 2785 pereunt,
763 2739 853 2782 quo
885 2721 1035 2767 minor
1062 2719 1123 2765 est
1144 2722 1256 2765 aeris
1284 2721 1460 2780 portio,
1496 2721 1546 2766 in
1567 2737 1663 2779 -quo
1697 2720 1965 2765 animal—cula
1994 2718 2166 2764 inclusa
2200 2717 2339 2773 sunt,

289 2807 383 2851 quo
419 2791 547 2849 plura
575 2790 618 2834 ἃ.
647 2788 819 2848 majora
843 2785 1072 2836 animalia,
1109 2783 1158 2828 in
1182 2784 1285 2829 data
1321 2785 1462 2843 copiae
1488 2784 1602 2830 aeris
1629 2782 1802 2830 inclusa
1831 2781 2031 2828 fuer-unt.
2105 2785 2260 2839 Quare
2293 2784 2361 2830 in‘

289 2866 415 2915 parte
443 2851 553 2898 valis
582 2850 804 2910 superiori
838 2856 912 2895 aer
928 2849 1070 2895 ,citius
1100 2848 1430 2906 corrumpitur,
1484 2850 1613 2907 isque
1643 2854 1718 2893 ae'r
1754 2847 1920 2906 exiguo
1949 2844 2002 2891 de
2024 2843 2246 2893 foramine
2277 2864 2346 2894 re-

281 2929 448 2979 ceptus
468 2932 606 2967 avem
632 2914 779 2964 subito
808 2923 955 2961 necat.
1023 2912 1179 2973 Vapor
1205 2912 1373 2959 noxius
1404 2910 1587 2960 videtur
1612 2911 1763 2961 nervis
1792 2924 1973 2958 nocere.
2043 2921 2084 2968 3.
2116 2912 2343 2959 Animalia
2379 2935 2392 2940 -

2225 2975 2345 3024 revi-
