2531 3394
786 135 831 194 §.
875 143 1008 196 1089.
1051 151 1187 196 1090.
1256 139 1305 187 F.
1341 139 1389 187 F.
1427 123 1692 190 MEKEL.
1819 158 1822 163 ¹
1926 119 1943 146 ³
2162 143 2262 209 '423

207 285 306 322 cam
334 280 523 316 euntes:
559 284 734 315 ramum
756 270 952 317 ciliarem
979 286 1084 316 cum
1109 266 1253 316 “tertio
1282 266 1385 315 'non
1417 268 1614 317 mistum.
1685 271 1824 318 Rami
1860 273 2054 331 maiales,
2092 295 2149 325 ex
2186 278 2266 326 Vi-

209 335 344 380 diano
376 334 484 380 nati.
553 335 723 380 Ramus
762 334 954 381 dentalis
995 346 1199 393 uterque.
1270 333 1504 393 Ganglion
1525 334 1656 381 nervi
1675 336 1916 397 lingualis;
1954 353 2046 387 rete
2066 342 2115 388 in
2141 343 2265 403 glan-

190 399 313 453 dula
335 398 653 445 ‘WHARTONI
684 406 916 444 nerveum.
986 396 1117 443 Varii
1146 397 1296 456 laquei
1325 398 1442 444 cirea
1469 400 1654 445 arterias
1692 401 1851 461 capitis
1881 405 2051 450 ner-vei.
2119 407 2266 453 Nervi

205 462 312 508 duri
332 478 434 507 cum
464 461 738 508 intercostali
763 464 936 522 plexus.
1008 461 1197 507 Arteriae
1220 478 1275 506 ex
1295 462 1495 508 carotide·
1519 464 1734 510 exteriori
1752 477 1885 512 natae.
1954 466 2265 530 Phyfiologica

197 525 330 572 varia
359 527 413 572 ad
439 524 739 586 sympathiam
760 541 1007 572 nervorum
1025 559 1038 578 ‚
1076 524 1265 585 ejusque
1289 521 1490 581 effeetus.

228 656 238 661 ἣ
334 608 410 668 EJ.
447 606 553 654 Diis.
569 607 794 668 epistolica
805 606 856 653 de
869 605 975 664 vafis
986 604 1262 667 lymphaticis,
1279 607 1582 669 glandulisque
1595 609 1853 671 conglobatis
1867 612 2016 659 Berlin
2037 624 2170 671 1757.
2185 612 2266 672 4.*

206 670 405 731 Epistola
439 671 496 717 ad
531 687 601 717 me
628 672 743 718 data.
827 669 943 717 Vasa
976 669 1251 730 lymphatica
1282 673 1333 717 in
1368 672 1630 719 universum
1653 693 1666 726 3
1724 675 1917 723 cruralia
1946 677 2000 723 ab
2025 674 2120 737 ipso
2145 694 2267 737 genu

205 733 398 781 sursum„
482 736 549 781 Ex
576 735 631 781 iis
659 733 771 781 vasis
810 751 915 781 cum
945 731 1156 781 cellulosa
1197 736 1286 781 tela
1322 750 1667 797 componuntur
1707 740 1933 798 glandulae
1964 742 2263 801 conglobatae.

208 797 415 860 Lympha
444 815 539 845 non
565 798 723 845 tranfit
747 815 824 859 per
850 799 1116 845 continuata
1142 797 1245 845 vasa
1277 800 1326 845 in
1350 797 1586 847 efferentes
1613 818 1789 856 ramos,
1825 802 1900 850 sed
1930 805 1978 850 in
2003 803 2264 852 cellulosam

207 865 342 909 telam
374 859 638 909 effunditur.
707 861 822 909 Vasa
858 861 1137 923 lymphatica
1161 864 1322 923 utique
1353 865 1402 910 in
1437 881 1575 911 venas
1611 866 1769 913 rubras
1793 866 1948 927 paffim
1980 870 2264 930 aperiuntur.

210 927 414 973 Cisterna
438 925 559 986 chyli
580 929 621 973 ὃς
647 926 808 973 duetus
829 927 1112 979 thoracicus,
1149 943 1252 973 cum
1280 926 1393 974 valis
1419 927 1703 991 lymphaticis
1737 932 2022 986 axillaribus,
2060 932 2259 988 brachii,

207 992 344 1045 colli,
379 993 549 1053 capitis.
618 990 822 1052 Lympha
851 991 953 1037 alba
982 992 1030 1036 in
1060 991 1188 1037 venis
1218 990 1487 1039 mesenterii.
1555 992 1728 1040 Recusa
1752 995 1812 1041 est
1841 995 1958 1057 Lips.
1992 1010 2128 1056 1770.
2161 1005 2202 1052 8.

330 1091 385 1136 In
409 1093 541 1137 Μόνη.
571 1089 622 1136 de
641 1089 811 1142 l‘Acad.
830 1090 881 1136 cle
910 1090 1054 1138 Berlin
1084 1103 1218 1149 1749.
1264 1091 1456 1138 Novum
1483 1095 1699 1154 ganglion
1722 1093 1947 1149 describit,
1968 1097 2018 1143 in
2041 1109 2146 1144 ortu
2164 1113 2265 1144 ner-

203 1155 252 1201 vi
272 1155 490 1201 V1D1AN1
518 1155 786 1208 inventum,
824 1155 952 1215 cujus
976 1167 1224 1216 utrumque
1252 1171 1429 1202 ramum
1455 1156 1713 1210 confirmat,
1783 1161 1977 1221 Ganglia
2001 1162 2050 1207 in
2079 1164 2263 1208 univer-

202 1216 302 1264 sum
339 1234 502 1264 nervos
544 1219 789 1280 colligere3
846 1222 996 1280 plures
1038 1219 1165 1266 edere
1192 1255 1205 1274 ,
1265 1236 1401 1281 quam
1446 1234 1747 1282 acceperunt,
1796 1225 1838 1270 ἃ
1879 1226 2065 1272 ductum
2102 1242 2262 1273 eorum

199 1293 395 1331 mutare.

328 1365 384 1411 In
413 1367 543 1412 Alam.
568 1364 620 1412 de
641 1365 810 1412 l’Acad.
844 1365 914 1411 des
937 1367 1122 1412 Sciences
1142 1364 1194 1412 de
1222 1366 1367 1413 Berlin
1401 1379 1550 1426 1750,
1589 1367 1819 1416 occasione
1845 1372 2086 1419 ventriculi
2112 1373 2261 1420 cordis

202 1431 246 1476 &
269 1429 528 1475 arteriarum
553 1431 881 1489 pulmonalium
911 1432 1242 1490 peramplorum
1261 1465 1274 1483 ,
1310 1448 1413 1477 cum
1439 1444 1564 1478 aorta
1597 1433 1715 1493 justo
1741 1435 1973 1494 angustior
2000 1435 2127 1489 effer,
2167 1438 2262 1498 agit,

200 1494 255 1540 de
282 1492 436 1546 causa,
487 1510 586 1552 quae
612 1492 739 1546 facit,
786 1507 839 1540 ut
873 1492 974 1540 vasa
1005 1496 1235 1553 pulmonis
1261 1494 1428 1541 venosa
1461 1496 1684 1543 arteriosis
1705 1500 1883 1545 minora
1912 1498 2029 1546 lint>
2070 1517 2257 1560 eamque

199 1556 367 1604 horum
391 1555 599 1604 vasorum
621 1558 886 1619 parvitatem
916 1556 1036 1605 facili
1061 1559 1353 1606 evacuationi
1381 1561 1432 1606 in
1463 1558 1613 1607 finum
1648 1560 1872 1609 sinistrum
1906 1576 1959 1610 ut
1993 1565 2257 1625 ampliorem

197 1622 374 1669 tribuit.

327 1705 383 1750 In
405 1707 537 1750 Mem.
564 1703 616 1750 de
642 1717 776 1762 1751.
811 1703 1090 1752 admirabilis
1116 1705 1212 1766 ejus
1242 1705 1303 1752 est
1330 1705 1486 1753 tabula
1512 1722 1760 1757 nervorum
1783 1707 1913 1757 faciei
1931 1746 1944 1765 ,
1975 1726 2077 1772 quae
2094 1727 2252 1760 omnes

199 1768 309 1816 alios
340 1769 513 1815 labores
547 1771 825 1816 anatomicos
848 1767 1028 1830 superat
1050 1771 1100 1816 in
1123 1786 1286 1834 nervos
1314 1769 1558 1832 impensos.

322 1851 590 1898 Germanice
619 1849 939 1913 physiologische
975 1852 1067 1898 und
1092 1851 1369 1912 anatomifihe
1401 1851 1745 1917 Abhandlzmgen
1772 1873 1857 1904 von
1894 1856 2254 1920 ungew'o'lmlicher

198 1917 492 1977 Erweiterzmg
519 1915 590 1962 des
622 1920 843 1969 Heraens,
878 1916 971 1963 und
999 1916 1080 1963 den
1106 1916 1388 1978 Spemne-idern
1409 1918 1480 1963 des
1505 1918 1748 1980 Angefichts
1780 1921 1929 1968 Berlin
1954 1934 2088 1982 1755.
2109 1923 2192 1982 4.*

326 1998 383 2044 In
408 2001 542 2043 Ale'm.
569 1998 624 2044 T.
645 1998 704 2044 X.
736 2014 775 2044 a.
803 2010 938 2057 1754.
975 1998 1029 2044 de
1062 1999 1243 2045 calculis
1273 1998 1500 2059 glandulae
1526 2000 1715 2060 pinealis
1753 2002 1803 2048 in
1832 2000 1971 2051 fatuis
2003 2006 2045 2051 ὃς
2075 2003 2255 2054 furiosis

196 2062 415 2124 repertis:
452 2061 505 2107 de
531 2063 714 2108 calculis
740 2063 791 2108 in
816 2063 989 2109 cellulis
1016 2061 1169 2109 vesicae
1187 2096 1200 2116 ‚
1238 2061 1444 2110 veficulis
1468 2062 1784 2119 seminalibus,
1817 2068 1930 2115 aliis.

328 2145 386 2190 In
411 2147 544 2191 Alam.
574 2155 703 2201 1753.
735 2143 789 2190 de
809 2155 912 2191 cute
933 2146 974 2191 ἃ
1003 2144 1276 2205 epidermide
1300 2143 1594 2205 Aethiopum.
1664 2148 1876 2195 Cuticula
1901 2150 2008 2197 alibi
2027 2151 2171 2212 nigra,
2202 2152 2249 2200 in

194 2208 350 2269 planta
371 2209 496 2269 pedis
520 2207 599 2254 vix
618 2208 671 2254 ab
690 2208 1017 2269 Europaeorum
1035 2209 1236 2255 cuticula
1257 2210 1408 2255 colore
1432 2206 1600 2256 differt.
1668 2212 1813 2273 Niger
1842 2216 1968 2261 color
1994 2215 2054 2261 est
2081 2218 2130 2262 in
2154 2233 2254 2263 mu-

197 2289 251 2318 co
281 2289 358 2332 per
377 2288 538 2333 aquam
560 2269 767 2326 solubili,
796 2274 926 2333 cujus
949 2274 1071 2319 muci
1091 2273 1314 2334 originem
1338 2275 1387 2319 in
1408 2273 1538 2334 adipe
1563 2274 1713 2322 noster
1740 2280 1916 2337 quaerit,
1949 2280 2252 2342 Aethiopibus

194 2334 415 2382 intenfius
438 2336 568 2383 flavo.
636 2338 790 2384 Nullae
814 2336 1010 2398 squamae
1035 2337 1339 2398 epidermidis.
1409 2338 1663 2386 Cerebrum
1679 2338 2024 2390 subcaeruleum.

328 2418 382 2464 T.
403 2418 487 2464 XI.
518 2435 555 2464 a.
584 2425 719 2477 1756.
755 2420 908 2468 Venas
942 2421 1226 2480 pulmonales
1263 2418 1544 2480 angustiores
1584 2419 1664 2467 effe
1684 2455 1696 2475 ,
1746 2424 1871 2483 quod
1900 2423 1942 2472 se
1973 2427 2021 2471 in
2048 2427 2248 2486 amplum

194 2478 370 2528 saccum
401 2480 578 2528 facilius
608 2484 834 2530 inaniant.
902 2485 942 2530 A
969 2486 1187 2537 clamore,
1225 2484 1340 2529 nixu
1365 2485 1445 2530 ἃς.
1472 2482 1739 2545 sanguinem
1764 2490 1814 2534 in
1849 2490 2105 2537 ventriculo
2146 2490 2251 2537 dex-

194 2557 268 2593 tro
297 2548 603 2598 aecumulari3
641 2564 745 2594 eum
766 2551 806 2594 ἃ
827 2549 1035 2594 arteriam
1062 2548 1372 2609 pulmonalem
1397 2547 1587 2595 dilatari.

326 2629 381 2675 T.
404 2629 536 2674 XIII.
568 2645 606 2674 a.
633 2642 770 2687 1757,
814 2629 1064 2676 Cerebrum
1088 2629 1392 2690 Aethiopibus
1419 2628 1746 2678 subcaeruleum
1769 2632 1865 2688 effe,
1888 2633 2154 2695 sanguinem
2183 2636 2253 2683 ni-

192 2707 340 2753 grum.
379 2693 590 2739 Cuticula
603 2696 784 2741 coaetus
798 2711 957 2741 mueus
970 2694 1046 2747 est,
1064 2711 1140 2755 per
1153 2711 1285 2755 quem
1298 2706 1352 2742 ut
1362 2711 1440 2755 per
1454 2694 1694 2742 humidum
1708 2701 1883 2745 corium
1899 2698 2064 2745 humor
2077 2698 2251 2748 transit.

302 2775 379 2820 ⁷In
397 2778 529 2821 ,Μέθη
563 2775 616 2821 de
640 2782 727 2834 176
736 2787 757 2834 ς
766 2812 774 2821 .
808 2775 922 2823 obss.
954 2776 1007 2823 ad
1025 2775 1239 2823 fabricam
1264 2778 1446 2824 cerebri.
1515 2778 1802 2826 Pedunculos
1817 2781 2042 2840 glandulae
2061 2782 2249 2841 pinealis

197 2850 435 2896 nunquam
460 2854 556 2885 non
576 2840 776 2899 reperiri,
815 2842 855 2886 &
871 2843 916 2886 in
931 2839 1152 2888 thalamos
1172 2840 1495 2901 opticosinseri
1518 2859 1529 2887 ε
1566 2843 1671 2888 alias
1698 2844 1886 2889 laminas
1912 2845 2180 2894 medullares
2199 2847 2250 2893 in

198 2900 522 2950 commissuram
545 2903 832 2964 posteriorem
863 2905 917 2951 ab
944 2922 993 2952 ea
1016 2905 1229 2966 glandula
1257 2906 1508 2967 propagari.
1580 2907 1764 2964 Septum
1790 2907 1996 2954 lucidum
2029 2908 2131 2955 stria
2158 2927 2249 2956 me-

198 2959 364 3025 dullari
382 2965 437 3011 ad
466 2984 596 3016 crura
624 2970 850 3018 anteriora
876 2967 1065 3018 fornicis
1090 2969 1312 3034 produci:
1347 2987 1484 3033 porro
1509 2968 1563 3015 de
1591 2967 1866 3018 formatione
1887 2975 1929 3021 ἃ
1952 2972 2098 3035 figura
2122 2974 2247 3020 lamia

2053 3054 2219 3086 narum
2234 3070 2246 3091 s
