2531 3394
222 155 223 158 =
283 130 382 185 636
696 125 965 177 madir.
1032 120 1451 176 ANATOMES
1499 123 1942 177 PERFECTIO.
2249 120 2297 155 '²

285 258 358 311 oi,
395 258 528 317 quale
561 256 612 303 in
647 253 871 306 thesauris
895 257 1145 305 Academiae
1168 253 1396 302 Leidenfis
1421 252 1638 302 servatur..
1705 257 1922 317 Exempla
1950 258 2134 306 cervicis
2157 256 2343 314 bifidae}

285 319 391 370 offis
406 320 518 367 sacri
530 319 677 374 bifidi,
698 319 838 382 spinis
860 323 1172 369 vertebrarum
1187 335 1283 364 non
1302 316 1689 365 conferventibus.
1728 322 1978 366 Medullam
1991 321 2221 382 spinalem,
2237 340 2341 370 cau-

286 384 391 430 dam
405 384 618 444 equinam
635 386 677 431 ἃ
691 396 952 446 tegumenta
965 382 1189 430 describit.
1227 384 1292 430 Ut
1312 381 1504 442 spinales
1522 381 1742 442 procefl'us
1765 383 2028 442 embryonis
2048 387 2309 432 membrana
2324 421 2338 440 ‚

285 447 395 494 inde
413 449 689 509 cartilagine,
719 451 902 496 demum
920 445 1009 493 offe
1026 447 1381 506 conjungantur.
1450 447 1519 492 Ab
1541 463 1656 506 aqua
1674 446 1881 506 congesta
1898 447 2112 510 impediri
2125 451 2344 497 membra..

284 528 409 564 nam,
426 528 482 557 ne
502 511 553 558 in
566 528 616 558 os
639 512 782 558 abeat.
851 509 964 558 Fuse
987 510 1040 555 de
1054 508 1191 556 caulis
1206 509 1564 556 claudicationis.
1606 556 1609 557 ⁷
1635 511 1802 570 Utique
1817 509 1903 555 offa
1921 509 2114 570 perfec'ta
2132 514 2173 557 &
2187 514 2342 565 dentes

287 574 494 621 crescere.
558 576 736 622 Contra
761 591 929 621 naevos·
997 574 1205 620 Terroris
1231 569 1415 619 effeetus
1441 572 1680 633 exspectati
1700 607 1714 626 ‚
1750 575 1869 620 nulli
1895 572 2098 620 fuerunt.
2148 576 2343 627 ‘Contra

284 639 530 691 modu1033
567 654 663 685 non
685 637 822 684 deeffe
853 653 993 698 puero
1020 637 1312 697 praeputium,
1347 652 1495 695 neque
1529 653 1659 683 aures
1680 639 1720 683 ei
1744 635 1979 697 perforari.
2048 639 2223 684 Duram
2250 656 2343 685 me-

285 702 474 762 ningen]
512 703 653 748 cranii
683 701 762 747 effe
788 703 1106 753 involucrum,
1148 716 1245 745 non
1270 700 1454 745 cerebri.
1525 700 1658 747 Odor
1697 700 1978 746 demonstrat
2008 700 2344 750 exhalationem

285 765 512 813 internam
541 776 734 811 externae
765 763 895 810 faciei
926 765 1012 824 piae
1045 763 1298 823 mmingis,
1336 763 1527 809 internae
1563 763 1723 817 durae,
1762 766 1803 810 &
1832 765 2210 812 ventriculorum.

424 844 602 894 Ontleed
614 863 663 890 en
679 843 944 906 heellzondige
957 842 1268 907 verhandeling
1277 861 1365 891 van
1376 841 1444 890 het
1458 843 1699 904 uytzaklzen
1713 843 1967 904 derscheede
1993 845 2186 893 Utrecht
2203 854 2341 908 1767.

288 909 370 967 8.*
403 911 554 957 Partes
586 907 691 968 ipsa:
724 908 874 954 obiter
900 906 1145 968 descriptae.
1278 924 1283 935 ’

417 994 593 1037 Mamer
615 1006 703 1035 van
725 988 776 1035 de
790 1000 928 1034 water
947 989 1168 1050 gezwellen
1185 999 1226 1034 te
1245 1000 1467 1049 opereeren
1485 1005 1533 1035 en
1549 1000 1589 1035 te
1603 987 1854 1036 behandelen
1888 989 2074 1036 Roterd.
2104 997 2239 1048 1767.
2264 989 2346 1045 8.*

288 1056 358 1102 Ex
379 1055 551 1100 Gallico
577 1051 752 1099 versum
768 1087 779 1104 ,
813 1053 999 1099 minuta
1028 1068 1135 1099 cura
1170 1051 1476 1114 conscriptum
1500 1069 1629 1114 opus.
1697 1050 1980 1101 Iusenfibiles
2007 1054 2220 1101 teudines
2246 1071 2345 1112 om-

288 1119 403 1166 nino
427 1130 588 1179 gratus.
608 1117 766 1177 recipit
787 1118 960 1164 auctor.

862 1245 909 1302 ς.
945 1248 998 1295 Μ
1013 1247 1051 1294 C
1069 1244 1106 1294 C
1120 1247 1167 1294 X
1180 1247 1229 1294 X
1242 1248 1291 1294 X
1303 1248 1340 1295 Ι.
1446 1251 1570 1297 Varii
1602 1231 1720 1294 Itali.

417 1345 582 1392 VALLI
610 1355 800 1390 trattato
827 1343 898 1390 del
908 1356 1043 1405 parto
1069 1345 1272 1390 naturale
1304 1362 1324 1391 e
1350 1343 1417 1390 dei
1435 1349 1566 1406 parti
1590 1343 1796 1390 devenuti
1820 1342 1982 1402 dtfficili
1995 1357 2078 1405 per
2100 1344 2147 1392 la
2178 1348 2346 1394 cattiva

278 1410 518 1470 fituazione
545 1409 615 1454 del
629 1407 724 1468 feto
757 1406 891 1454 Paris.
912 1415 1046 1468 1767.
1076 1414 1118 1460 8.

420 1491 553 1607 cholo
583 1490 858 1599 ZVAlzfflALDl
875 1488 1001 1550 saggi
1017 1500 1099 1550 per
1113 1486 1264 1547 servir
1288 1488 1370 1536 alla
1385 1490 1522 1550 storia
1547 1488 1629 1536 dell
1653 1505 1799 1543 nomo,
1834 1485 1867 1535 fi
1890 1487 1981 1535 huc
2003 1486 2113 1535 facit
2129 1523 2145 1543 ‚
2177 1490 2345 1538 Venet.

294 1561 431 1613 1767.
499 1589 510 1600 .
540 1564 588 1600 2.
644 1570 670 1598 o
691 1589 703 1598 .

423 1634 600 1695 Caspari
621 1638 690 1679 M.
704 1633 940 1680 FORLANI
969 1636 1160 1679 rariores
1179 1631 1489 1690 observationes
1506 1633 1688 1681 medico·
1704 1633 1900 1695 prafficae
1921 1638 2159 1681 aratomicae
2179 1638 2284 1682 Dec.
2307 1636 2345 1682 I.

289 1698 453 1746 Venet.
484 1703 622 1755 1767.
646 1695 724 1750 8.*
754 1698 929 1743 Uterus
957 1697 1007 1742 in
1034 1697 1145 1742 duas
1172 1713 1326 1742 caveas
1356 1695 1543 1750 divisus,
1580 1698 1861 1743 confluentes
1879 1697 1929 1742 in
1950 1697 2140 1744 unicum
2163 1698 2344 1746 ostium.

422 1779 632 1837 Francisci
662 1781 815 1823 Maria
842 1777 1164 1824 FERNANDEZ
1189 1793 1327 1823 naevo
1359 1776 1542 1838 dzscorsb
1574 1778 1627 1825 de
1657 1779 1697 1826 la
1712 1782 1968 1842 generacion
1996 1778 2048 1826 de
2082 1779 2342 1841 lasplantas.

290 1841 482 1902 insefflos,
519 1840 711 1890 hombres
727 1858 763 1900 y
787 1841 997 1888 animales
1029 1840 1214 1888 Madrid
1237 1845 1374 1900 1767.
1412 1852 1460 1900 4.

882 1975 919 2024 §.
955 1971 1363 2018 MCCXXXII.
1470 1975 1592 2019 Varii
1626 1972 1750 2021 Galli.

428 2068 621 2115 SIGAUD
651 2066 702 2113 de
725 2067 768 2113 la
793 2066 945 2114 FOND
971 2067 1108 2128 legons
1125 2068 1207 2127 sur
1229 2067 1477 2113 l'oeconomie
1501 2069 1685 2115 animale
1739 2070 1860 2117 Paris
1888 2077 2022 2130 1767.
2056 2079 2126 2117 12.
2159 2068 2352 2118 2.Vol.*

295 2131 410 2179 Non
436 2131 619 2190 quidem
645 2129 838 2183 incisor,
877 2129 1086 2190 physicus
1114 2131 1284 2190 magiS‚
1320 2132 1362 2176 &
1396 2130 1722 2191 hypothesibus
1757 2133 1978 2181 addictus.
2047 2134 2346 2194 Cartilagines

295 2208 450 2241 tamen
479 2194 534 2239 ab
563 2192 647 2239 usu
673 2195 814 2240 rubiae
840 2192 1155 2240 subrubescere
1175 2228 1187 2246 ‚
1226 2192 1345 2240 solus
1374 2196 1582 2241 omnium
1614 2197 1732 2242 vidit
1750 2231 1763 2249 ‚
1799 2199 1878 2256 qui
1911 2197 2005 2243 haec
2040 2197 2348 2257 experimenta

294 2259 589 2318 repetierunt.
644 2258 809 2303 Fallere
836 2269 1042 2319 agentem
1072 2255 1342 2304 musculum.
1393 2259 1635 2319 Meninges
1664 2260 1824 2307 acriter
1851 2258 2030 2307 sentire.
2078 2260 2166 2306 Pro
2185 2261 2347 2307 retina.

424 2337 566 2384 Dedit
591 2337 724 2384 etiam
753 2342 881 2385 Cours
910 2339 962 2385 de
980 2338 1175 2401 phyfique
1195 2339 1522 2401 experimentale
1549 2340 1672 2388 Paris
1695 2346 1831 2399 1769.
1866 2353 1935 2390 12.
1964 2342 2119 2398 3.Vol‚
2169 2342 2348 2388 Oculus

294 2417 353 2448 ex
383 2402 609 2454 Anemo,
644 2403 685 2448 &
715 2400 839 2447 vifio.

427 2483 496 2530 M.
525 2482 562 2528 le
581 2482 639 2527 V.
667 2480 736 2529 M.
775 2483 816 2527 &
853 2481 904 2527 de
937 2482 980 2528 la
1006 2483 1074 2529 M.
1105 2484 1402 2530 Diffionnaire
1431 2482 1484 2530 de
1517 2482 1740 2548 Chirurgie
1773 2497 2001 2533 contenant
2025 2486 2069 2533 la
2095 2485 2347 2548 description

296 2551 573 2605 anatomique
600 2544 671 2591 des
686 2549 855 2606 parties
876 2544 935 2589 du
957 2558 1075 2606 corps
1097 2544 1268 2593 Immuin
1304 2548 1425 2594 Paris
1452 2555 1587 2607 1767.
1613 2557 1655 2603 8.
1696 2551 1851 2605 2.Vol.
1919 2552 2033 2597 Non
2056 2550 2168 2597 vidi.

427 2628 648 2672 DURADE
676 2623 782 2686 Dtff
797 2624 880 2684 sur
900 2625 942 2669 la
961 2630 1197 2679 nutrition,
1233 2633 1306 2689 qui
1330 2646 1357 2674 a
1385 2633 1598 2690 remporte‘
1615 2631 1652 2675 le
1664 2636 1775 2691 prix
1802 2630 1898 2686 &a
1935 2632 2085 2677 Berlin
2110 2637 2244 2687 1767.
2267 2627 2347 2687 4'.*

299 2692 413 2739 Non
438 2689 623 2749 quidem
652 2686 817 2735 incisor
839 2721 852 2742 ,
899 2686 1246 2748 pharmacopola
1283 2693 1438 2751 potius
1477 2696 1520 2739 &
1548 2695 1765 2754 Franczsci
1799 2696 2045 2742 ROUELLE
2086 2691 2346 2753 discipulus.

299 2753 545 2802 Mucosum
573 2751 809 2798 humorem
836 2768 862 2798 a
890 2750 1139 2812 gelatinoso
1168 2769 1264 2799 non
1293 2754 1552 2815 distinguit,
1589 2758 1645 2802 ab
1677 2775 1729 2803 eo
1760 2773 1923 2817 corpus
1948 2759 2008 2802 ali
2037 2756 2161 2802 dicit.
2232 2757 2348 2803 Sali-

300 2834 406 2863 vam
434 2832 600 2862 nerveo
630 2814 790 2876 spiritu
821 2813 1082 2866 abundare,
1121 2817 1260 2874 gratis
1298 2819 1490 2878 recipit:;
1529 2818 1764 2879 sanguinis
1801 2822 2011 2867 ruborem
2051 2836 2076 2866 a
2113 2818 2232 2865 ferro
2267 2818 2349 2867 effe

304 2879 478 2926 dudum
503 2878 600 2938 post
633 2894 717 2925 nos
743 2881 783 2925 &
814 2881 1114 2926 STORMIUM.
1184 2881 1486 2929 Secretionem
1525 2899 1603 2945 per
1634 2880 2053 2932 telam‘cellulosam
2084 2882 2216 2938 fieri,
2252 2899 2351 2932 non

302 2958 426 2991 vere.
491 2940 662 2992 Recusa
688 2941 749 2989 est
776 2940 868 2989 diff.
892 2938 1029 2990 Parin
1052 2946 1188 3000 1767.
1220 2953 1294 2991 12.

2237 3014 2353 3066 Jean
