2531 3394
782 140 789 149 ·
841 111 886 171 §.
924 119 1033 170 880.
1070 119 1177 169 881-
1205 111 1211 122 ⁷
1244 113 1290 175 J.
1320 113 1381 160 H.
1418 110 1775 159 SCHULZE.
2236 119 2326 166 139

399 243 469 288 De
485 240 836 302 obfirvationibus
859 243 1117 296 anatomicis,
1153 239 1276 302 quod
1302 242 1344 288 &
1370 237 1517 301 ipsum
1544 237 1604 284 est
1622 252 1901 301 programma
1927 238 1986 285 ad
2006 249 2234 286 anatomen
2256 242 2317 285 in-

267 309 525 353 vitatorium
564 319 695 365 1729.
732 320 778 367 4.
816 310 907 355 HE.

396 393 466 436 De
486 387 596 448 vasis
615 388 923 437 umbilicalibus
949 400 1154 436 natorum
1178 383 1236 442 ἓξ
1263 385 1514 432 adultorum
1543 384 1664 430 Hall.
1695 394 1834 441 1733.
1858 381 1940 441 4.*

394 475 467 518 An
492 472 682 519 umbilici
715 472 917 534 deligatio
946 475 990 516 t'n
1013 482 1148 531 nuper
1171 469 1281 515 natis
1304 467 1492 527 absolute
1515 463 1742 527 necffzria
1754 464 1811 522 fit
1840 465 1900 510 ib.
1924 476 2055 521 1733.
2086 466 2159 522 4⁹⁶
2193 467 2321 526 Mag.

265 551 356 581 nos
387 535 507 582 inter
527 535 816 597 physiologos
853 537 894 580 &
925 533 1296 595 jurisprudentiae
1329 530 1516 577 forensis
1551 533 1755 576 nudiores
1783 541 1936 574 motus
1962 527 2057 573 haec
2081 527 2318 575 differtatio

268 601 508 654 excitavit,
546 617 634 661 qua
658 601 728 646 vir
749 600 818 645 Cl.
844 597 1072 651 defendit,
1112 604 1210 643 'non
1239 594 1381 658 ligato
1407 594 1614 642 funiculo
1647 592 1899 640 umbilicali
1931 593 2108 638 nullum
2146 591 2322 651 sangui-

264 678 370 709 nem
403 664 456 710 de
489 663 586 710 fetu
613 664 776 710 stillare
795 696 808 716 ‚
845 678 994 722 neque
1018 661 1131 707 adeo
1159 661 1408 721 periculum
1435 660 1476 705 ei
1508 658 1696 718 aliquod
1719 656 1935 704 suscitari.
2003 656 2200 702 Arterias
2225 672 2320 699 um-

263 726 464 775 bilicales
491 726 534 773 se
554 728 607 774 de
628 725 707 773 fua
733 728 896 787 vagina
926 726 1116 786 eripere,
1154 728 1195 772 ὅτ
1217 725 1374 771 inanes
1398 722 1629 783 superesse.
1700 721 1979 768 Geniculum
2001 753 2018 773 ,.
2050 718 2173 780 quod
2194 716 2247 764 sit
2272 718 2322 763 in

261 791 470 838 umbilici
490 791 681 844 arteria,
721 790 846 850 quod
874 790 996 836 idem
1021 801 1284 850 rumpatur,
1323 800 1376 835 ut:
1398 804 1460 834 eae
1489 787 1664 834 arteriae
1698 785 1741 832 se
1775 783 2022 831 retrahant.

390 877 458 919 De
474 871 635 934 sudore
669 873 788 919 Hall.
820 884 955 931 1734.
991 874 1070 931 4.*

389 957 457 998 De
480 965 906 1015 temperamentorum
938 954 1172 1016 exsistentia
1193 988 1205 1008 ,
1241 953 1490 1015 illorumque
1520 951 1596 1012 afit
1620 955 1665 999 in
1692 950 1902 998 medicina
1939 950 2060 997 Hall.
2083 959 2218 1007 1734.
2241 944 2322 1007 4.*

258 1017 340 1064 PL.
376 1018 473 1078 lego
507 1020 641 1064 etiam
674 1031 809 1077 1737.

385 1104 455 1146 De
475 1100 582 1147 liene
598 1100 763 1148 canibus
788 1103 935 1162 exciffi.
982 1088 1122 1148 Porro
1149 1102 1270 1148 Hall.
1297 1111 1429 1159 1735.
1468 1097 1552 1159 4.*

382 1187 452 1229 De
481 1181 717 1230 mechanico
746 1195 911 1230 naturae
939 1187 1122 1246 artificio
1144 1188 1188 1230 in
1217 1182 1460 1230 vulneribus
1479 1180 1758 1244 persananda}
1798 1190 1932 1238 1735.
1963 1179 2038 1237 4.*

389 1268 460 1311 De
475 1264 695 1327 sanguinis
726 1264 902 1312 humani
925 1268 1213 1327 constitutione
1236 1265 1435 1313 naturali
1465 1263 1525 1320 ἓξ
1549 1262 1903 1326 praetem-ataroth
1944 1273 2076 1319 1735.
2098 1260 2175 1320 4.*ι

385 1349 454 1393 De
471 1347 629 1395 medico
641 1345 905 1394 vehementer
918 1347 1098 1394 landari
1109 1347 1235 1410 digno
1255 1359 1337 1405 173
1349 1359 1385 1405 ς.
1402 1344 1484 1405 4.*
1519 1346 1587 1393 Ab
1605 1345 1896 1405 ignoratione
1912 1356 2145 1390 anatomes
2159 1358 2321 1402 magna

255 1411 395 1458 mala.
460 1411 715 1473 Chirurgus
742 1413 996 1473 palpebram
1023 1415 1204 1459 tertiam
1233 1429 1315 1471 pro
1339 1411 1544 1472 pterygio
1573 1409 1754 1462 habuit,
1783 1412 1824 1455 &
1849 1407 2027 1470 gestivit
2051 1406 2272 1454 excidere.

384 1495 460 1556 EJ.
492 1496 533 1541 &
554 1496 729 1542 PLENN
761 1494 812 1541 de
833 1493 1105 1553 mechanismo
1134 1493 1415 1553 musculorum
1439 1493 1777 1541 abdominalium
1815 1496 1951 1549 1736.
1981 1487 2065 1548 4.*

384 1578 455 1623 De
480 1577 679 1624 natur-ali
713 1575 771 1633 ἓξ
790 1577 1149 1639 Ρνιείεννιαίιιναίί
1174 1579 1373 1638 menstrui
1397 1575 1631 1623 ventriculi
1653 1575 1944 1636 constitutione
1980 1576 2114 1631 1736.
2148 1570 2225 1631 4.*

384 1663 455 1706 De
484 1657 720 1707 mechanico
739 1660 818 1720 se·
844 1659 903 1716 ἓξ
936 1661 1185 1707 excretionis
1201 1660 1490 1721 fimdamento
1530 1663 1665 1717 1736.
1702 1658 1781 1716 4.*

381 1745 452 1789 De
481 1753 581 1788 tono
598 1746 801 1804 partium
823 1746 1016 1804 corporis
1047 1740 1222 1789 humani
1255 1751 1391 1800 1737.
1426 1738 1509 1800 4.*

380 1827 452 1871 De
472 1836 687 1871 anatomes
713 1824 774 1871 ad
791 1828 961 1886 praxin
983 1825 1268 1887 chirurgicam
1287 1824 1458 1885 summa
1483 1821 1721 1882 necfftate
1759 1832 1896 1880 1737.
1932 1818 2014 1880 4.*

380 1909 451 1953 De
482 1911 640 1952 muntia
675 1918 809 1964 1737.
843 1905 922 1965 4.*

383 1992 453 2035 De
486 1989 610 2050 larga
639 1989 938 2035 alimentorum
965 1990 1185 2050 ingestione
1206 2004 1302 2035 camvv
1321 1986 1504 2051 eupepfia
1531 1999 1581 2034 nt
1593 1986 1712 2049 signo
1728 1986 1940 2047 sanitatis
1975 1995 2110 2045 1737.
2134 1995 2180 2044 4.

384 2074 453 2117 De
487 2071 747 2132 clasticitatis
773 2069 916 2130 efficia
943 2075 988 2117 in
1017 2069 1212 2117 machina
1237 2068 1424 2117 humana
1459 2076 1594 2129 1738.
1630 2067 1714 2128 4.*

380 2157 451 2200 De
469 2153 705 2200 ventriculi
728 2149 787 2208 ἓξ
809 2154 1098 2214 intestinorum
1123 2156 1292 2198 ratione
1321 2157 1364 2198 in
1389 2156 1504 2199 omni
1530 2150 1679 2199 morbo·
1702 2148 1894 2197 habenda
1931 2153 2065 2208 1738.
2103 2146 2185 2208 4.*

379 2236 457 2297 EJ.
490 2238 531 2282 ἃ
565 2237 936 2283 KIESEWETTER
967 2234 1092 2281 bona
1111 2232 1239 2294 Disp.
1265 2233 1317 2280 de
1343 2231 1505 2291 lithiafi
1525 2232 1718 2294 sinistro,
1753 2249 1884 2294 quam·
1905 2232 2076 2286 dextro,
2106 2234 2200 2279 reni
2222 2246 2310 2277 ma..

247 2302 315 2361 gis
341 2300 482 2361 infesta
521 2307 659 2358 1738.
688 2299 770 2358 4.*
805 2301 863 2344 ob
890 2300 1230 2361 longitudinem
1262 2314 1391 2345 venae
1419 2299 1583 2344 renalis
1612 2296 1812 2344 finistrae.

383 2386 454 2429 De
480 2383 733 2445 pinguedine
769 2394 898 2440 1739.
926 2380 1008 2441 4.*
1043 2379 1262 2443 Lymphae
1285 2395 1365 2440 per
1390 2378 1648 2427 cellulosam
1672 2380 1807 2426 telam
1824 2391 2002 2426 motum
2026 2377 2175 2425 docet.

383 2467 452 2510 De
480 2464 803 2522 corfideratiorze
824 2463 968 2521 offi'um
995 2467 1230 2510 recentium
1254 2463 1354 2508 utili
1386 2460 1444 2518 &3
1467 2459 1693 2522 necffzria
1732 2473 1815 2521 173
1823 2475 1866 2518 9.
1892 2458 1976 2520 4.*

380 2547 457 2607 Ε].
488 2548 529 2592 &
556 2548 940 2594 ENGELBRECHT
971 2545 1022 2591 de
1048 2549 1263 2592 raucitate
1304 2556 1440 2602 1740.
1475 2542 1556 2602 4.*

379 2633 450 2677 De
475 2627 631 2676 chemiae
660 2627 720 2674 ad
740 2641 891 2689 corpus
914 2626 1143 2674 humanum
1176 2626 1460 2688 applicatione
1496 2625 1633 2685 1742.
1662 2623 1744 2685 4.*

376 2717 446 2760 De
476 2712 581 2759 lacte
619 2721 754 2769 1742.
791 2708 872 2768 4.*
1403 2702 1405 2705 ’

377 2798 447 2841 De
475 2798 640 2841 vomitu
673 2791 731 2849 ἓξ
752 2790 1044 2838 vomitionibus
1085 2802 1221 2850 1742.
1252 2803 1298 2850 4.

377 2881 447 2923 De
492 2876 702 2924 nonnullis
749 2875 807 2922 ad
857 2886 1017 2922 motam
1064 2873 1205 2922 cordis
1261 2872 1320 2931 ἓξ
1371 2873 1692 2922 circulationem
1741 2871 1966 2933 sanguinis·
2002 2866 2310 2932 pertinentibus

254 2949 389 2998 1742·
427 2939 508 3000 4*

1347 3021 1377 3068 S
1408 3031 1440 3068 2
2227 3010 2302 3069 EJ.
