2531 3394
297 89 391 142 728

643 213 671 259 1.
702 216 745 259 6.
778 210 834 258 ad
855 208 937 258 fin.

334 274 556 322 Hebraice
576 274 626 321 in
651 275 874 322 Vaticana
901 274 1086 320 Wou’.

462 357 491 402 l.
517 362 558 410 8.
589 355 701 414 adde
728 354 860 403 Paris.
885 365 1017 413 1524.
1046 350 1127 398 fol.

675 438 733 485 ib.
758 438 812 485 ad
843 437 924 484 fin.

337 500 495 547 Graece
525 518 626 547 cum
653 500 881 548 Michaelis
909 500 1112 545 EPHESII
1144 511 1289 542 comm.

303 562 465 611 venet.
488 577 621 624 1527.
648 564 726 611 fol.
763 566 807 610 B.
823 566 971 609 Burin.

567 645 595 692 l.
626 659 694 692 11.
725 645 779 690 ad
802 643 882 690 fin.
921 641 1033 688 adde

333 708 657 756 Ponenrmus
690 707 803 768 Lips.
826 719 960 764 1510.
988 704 1068 752 fol.

539 791 594 836 ad
622 792 649 836 l.
682 789 733 834 (Ie
753 791 886 834 animi
908 784 1041 848 inceff

305 869 436 919 Paris.
472 884 599 929 1524.
637 869 714 916 fol.
757 870 803 914 B.
827 871 941 915 Bun.
1025 866 1203 915 Scholia
1242 867 1294 914 in

307 951 410 982 eum
440 936 601 981 Venet.
620 945 752 991 1527.
773 931 849 979 fol.
879 934 926 978 B.
946 934 1062 978 Eun.

426 1015 480 1061 ad
505 1018 531 1062 l.
572 1020 638 1061 De
666 1014 896 1073 extensione
924 1012 1020 1069 &Q
1055 1013 1166 1059 adde

340 1095 443 1125 curn
467 1078 688 1125 Michaelis
714 1080 916 1131 EPHesn
951 1094 1097 1124 comm.
1137 1078 1292 1124 Graece

280 1144 429 1190 ‚Am
464 1155 594 1200 1527.
628 1140 706 1188 fol.
742 1143 924 1193 ΚΒΜ.

416 1240 457 1282 p.
482 1235 546 1281 44
570 1221 652 1269 sub
680 1224 707 1269 l.
733 1235 777 1281 4.
818 1222 873 1268 ad
895 1224 921 1268 l.
953 1221 1186 1279 dejnvmt.

330 1285 549 1333 Hebraice
570 1288 619 1333 in
644 1287 863 1333 Vaticana
880 1287 1073 1332 WOLF.

590 1369 617 1413 l.
645 1375 669 1421 8
699 1368 760 1413 ad*
787 1366 866 1414 fin.
898 1366 1009 1412 adde

341 1429 461 1490 apud
485 1432 669 1478 ALDUM
702 1442 835 1489 1527.
863 1428 940 1476 fol.
969 1430 1148 1476 B.Bun.
1195 1444 1197 1447 ’

437 1512 466 1558 l.
486 1524 515 1566 9
541 1511 638 1571 post
661 1511 900 1563 brevitate,
919 1511 1030 1560 adde
1053 1516 1165 1557 vitae.

496 1593 551 1638 ad
577 1594 642 1643 1.l.
661 1605 792 1654 parv.
814 1604 949 1638 natur
968 1591 1081 1637 adde

341 1676 520 1722 Omnes
548 1674 601 1720 dc
623 1671 752 1719 sensu
781 1675 822 1719 &
848 1670 1019 1725 sensili,
1055 1671 1108 1718 dc
1127 1687 1296 1717 merno-

306 1739 372 1786 ria
400 1740 441 1785 &
468 1737 806 1789 recordatione,
840 1736 894 1782 de
918 1734 1078 1782 somno
1111 1738 1151 1781 &
1182 1735 1297 1795 vigi-

308 1803 391 1853 lia,
430 1802 483 1846 de
520 1800 802 1847 divinatione
840 1816 894 1845 ex
929 1798 1194 1850 insomniis,
1241 1799 1294 1843 de

306 1866 526 1911 brevitate
540 1866 660 1917 vitae,
696 1864 749 1908 de
764 1876 894 1909 motu
907 1863 1222 1914 animantium,
1241 1862 1295 1906 de

305 1927 598 1987 respiratione
624 1929 684 1972 l.l.
705 1928 972 1986 prodierunt
999 1923 1129 1972 Paris.
1158 1938 1290 1983 1559.

307 1994 375 2048 4⁰.
416 1993 456 2037 &
489 1992 731 2051 interprete
754 1990 1086 2051 J.PER10N10.

368 2073 489 2117 Otto
517 2072 735 2117 librorum
774 2068 1056 2130 physicorum
1085 2071 1298 2116 ARJSTo-

310 2147 449 2181 TELIS
465 2136 578 2181 MS.
596 2135 714 2180 codd.
743 2132 900 2194 saepius
924 2136 1100 2195 repetiti
1123 2134 1298 2180 exstant

310 2197 361 2245 in
381 2199 427 2244 B.
449 2198 638 2244 Taurin.

489 2262 518 2307 l.
541 2267 565 2315 8
592 2259 672 2308 inf.
697 2261 792 2322 post
818 2263 991 2309 HEINS.
1029 2260 1132 2307 add.

366 2345 432 2387 An
456 2341 546 2388 huc
576 2340 787 2401 opuscula
813 2343 987 2401 aliquot
1009 2342 1147 2388 latine
1172 2339 1298 2389 versa

310 2401 498 2451 Venet.
497 2417 630 2462 1552.
657 2403 733 2450 fol.
758 2407 852 2452 TR.

441 2503 482 2546 p.
506 2493 567 2544 46
602 2487 702 2532 l.11
743 2486 838 2546 post
862 2485 1039 2532 Londin.
1082 2485 1194 2533 adde

309 2540 569 2596 Hebraice
558 2566 607 2595 in
634 2551 665 2596 Β
709 2551 864 2596 V1ND.

315 2617 471 2661 Comm.
502 2614 551 2658 in
576 2630 640 2659 eos
666 2612 726 2658 est
751 2615 1067 2666 AVERans,

292 2734 295 2737 ⁴
550 2703 590 2753 p.
611 2700 670 2752 48
705 2692 786 2740 sub
807 2695 834 2740 l.
855 2706 900 2751 4.
937 2692 1049 2739 adde

344 2756 423 2802 Gr.
447 2758 521 2803 lat.
543 2757 785 2819 interprete
804 2758 845 2819 J.
860 2758 1078 2804 &VALLIS
1106 2757 1151 2802 Β.
1168 2758 1282 2805 Bun.

355 2853 398 2898 p.
412 2850 471 2897 49
490 2839 520 2886 l.
543 2851 599 2885 10
625 2836 721 2898 sup.
742 2839 877 2884 imam
892 2837 989 2898 post
1008 2848 1139 2898 1493.
1155 2836 1233 2885 fol.
1252 2872 1265 2892 ,

615 2901 725 2949 adde
750 2914 883 2962 1519.
909 2900 991 2950 fol.

900 78 1396 130 ADDENDA
1474 80 1663 129 T0M1
1715 83 1751 129 Ι.

1480 206 1565 254 sub
1580 194 1619 253 Ι1.
1636 219 1684 265 7.
1717 206 1849 267 supra
1871 206 2076 256 infimam
2101 207 2214 255 adde
2300 193 2314 196 ”

1400 289 1727 340 Problemata,
1784 303 1885 346 quae
1919 288 1975 334 ad
2016 301 2147 336 toum
2182 303 2346 348 corpus

1358 352 1606 413 pertinent,
1641 368 1665 397 a
1692 355 1870 413 Georgio
1892 351 2065 398 VALLA
2087 351 2210 400 versa
2238 351 2347 400 sunt
2393 361 2396 363 ’

1358 421 1543 476 Argent.
1563 427 1697 472 1529.
1684 415 1764 468 8.

1424 498 1499 543 l.
1523 508 1545 552 3
1576 495 1707 556 supra
1738 494 1820 542 inf.
1858 495 1954 556 post
1980 502 2044 549 80.
2080 495 2242 543 adde*
2300 525 2329 534 >1

1722 580 1749 624 l.
1776 589 1803 623 2
1827 578 1880 622 ad
1906 575 1987 623 fin.

1394 655 1762 705 Ams'roTEms,
1782 653 1996 705 AELIANI,
2025 654 2226 707 Gaiam
2248 670 2354 715 pro-

1361 718 1560 764 blemata
1594 718 1833 778 Argentor.
1856 729 1991 774 1595.
2016 729 2061 774 4.
2088 718 2181 765 TR.

1653 815 1696 858 p.
1725 810 1782 855 50
1818 799 1845 844 l.
1875 810 1914 856 5.
1940 797 2055 844 adde

1394 861 1512 909 Vide
1536 861 1585 908 in
1604 863 1655 908 L.
1681 863 1953 909 SEPTAmo.

1564 943 1620 988 ad
1651 944 1679 989 l.
1706 949 1735 988 6
1769 940 1901 1002 supra
1924 941 2006 989 inf.
2037 942 2152 990 adde

1382 1025 1438 1070 In
1450 1025 1495 1070 B.
1511 1025 1569 1070 D.
1585 1026 1763 1070 MARCI
1777 1023 1978 1075 Historia
1989 1025 2268 1079 animalium,
2286 1027 2352 1074 LI.

1362 1088 1416 1133 dc
1442 1086 1666 1147 progreffu
1693 1088 1974 1140 animalium,
2006 1099 2149 1147 partes
2183 1091 2354 1136 anima-

1363 1152 1500 1204 lium,
1530 1153 1583 1196 de
1612 1149 1741 1196 sensu
1770 1153 1811 1196 &
1837 1149 2027 1203 sensato,
2065 1152 2118 1196 de
2139 1155 2355 1200 memoria

1364 1216 1406 1260 &
1424 1212 1770 1267 reminiscentia,
1800 1214 1852 1258 de
1864 1212 2024 1259 somno
2041 1216 2262 1275 &vigilia,
2300 1218 2355 1263 de

1361 1275 1627 1330 insomniis,
1657 1277 1710 1323 de
1738 1289 1864 1323 motu
1891 1278 2173 1331 animalium,
2211 1281 2354 1341 dege-

1361 1342 1597 1387 neratione
1629 1342 1892 1387 animalium
1917 1375 1930 1393 ,
1973 1341 2026 1386 de
2064 1343 2354 1402 longitudine

1366 1407 1407 1451 &
1441 1406 1662 1450 brevitate
1698 1406 1832 1457 vitae,
1871 1404 1925 1449 de
1957 1402 2182 1451 senectute
2212 1409 2252 1452 ὃ(
2283 1408 2354 1467 ju-

1361 1481 1578 1521 ventute,
1627 1467 1679 1513 de
1703 1469 1799 1514 vita
1826 1469 1866 1513 &
1894 1479 2065 1521 morte,
2105 1469 2159 1514 de
2188 1470 2350 1516 colori-

1363 1533 1447 1578 bus
1469 1534 1679 1578 MONTE.
1706 1532 1738 1576 1.
1766 1548 1805 1590 p,
1823 1538 1932 1588 469.

1543 1614 1573 1659 l.
1601 1610 1733 1672 supra
1759 1612 1969 1658 ultimam
1990 1611 2044 1658 ad
2069 1611 2149 1660 fin.

1413 1695 1483 1740 Ex
1510 1695 1843 1741 ARISTOTELE
1884 1693 1937 1739 de
1967 1694 2219 1740 animalibus
2244 1697 2354 1743 citat

1364 1760 1516 1804 locum
1534 1759 1737 1803 RAZEUS
1755 1769 1874 1803 cont.
1899 1758 1946 1803 L.
1963 1758 2021 1802 V.
2050 1759 2208 1805 melius
2229 1760 2357 1806 cibos'

1364 1822 1532 1882 digeri,
1560 1819 1590 1866 si
1618 1822 1668 1866 in
1691 1817 1862 1866 sinistra
1885 1821 2197 1868 decumbatur.

1429 1920 1470 1962 p.
1492 1914 1551 1960 54
1584 1902 1611 1947 l.
1639 1912 1667 1946 2
1702 1900 1800 1961 post
1828 1901 1912 1954 a).
1949 1902 2002 1947 ad
2031 1902 2289 1951 Dmctssm.

1397 1983 1574 2042 Corpus
1601 1981 1800 2028 constare
1822 1983 1901 2035 iis,
1934 2000 2034 2043 quae
2059 1982 2212 2030 ferunt
2231 1987 2270 2031 &
2291 1982 2353 2030 fe-

1363 2058 1527 2093 runtur
1553 2047 1747 2099 GALEN,
1766 2052 1979 2108 prognost.
2005 2064 2149 2093 comm.
2177 2048 2237 2094 II.

1480 2145 1523 2188 p.
1555 2132 1612 2186 56
1647 2126 1745 2186 post
1779 2124 1847 2182 c).
1883 2127 1994 2172 adde
2019 2128 2073 2173 ad
2096 2129 2224 2174 ERA-

1598 2201 1604 2208 ·
1712 2204 2006 2237 SISTRATUM

1417 2270 1786 2331 Respirationem,
1814 2269 1912 2316 fieri
1951 2272 2005 2317 ad
2045 2272 2355 2332 generandum

1366 2334 1573 2394 spiritum
1601 2335 1837 2380 animalem
1880 2337 1921 2380 Sc
1947 2336 2130 2382 vitalem
2157 2338 2353 2383 GALEN.

1365 2399 1486 2460 Epid.
1507 2399 1588 2444 VI.
1625 2398 1799 2444 Arteria
1822 2396 2004 2457 spiritus
2020 2401 2355 2459 receptaculum

1366 2464 1442 2515 est,
1464 2478 1579 2508 vena
1606 2460 1849 2522 sanguinis.
1901 2460 2070 2509 Oscula
2088 2462 2354 2522 sanguinem

1368 2525 1653 2572 continentia
1696 2525 1961 2572 naturaliter
1999 2527 2249 2572 connivent
2265 2535 2284 2578 ⁸,
2328 2541 2354 2572 a

1366 2590 1569 2636 violenta
1594 2605 1701 2634 vero
1729 2586 1856 2633 causa
1874 2590 2153 2647 aperiuntur,
2175 2588 2354 2647 sanguis

1369 2669 1423 2699 ex
1452 2653 1580 2698 venis
1606 2652 1655 2698 in
1688 2652 1871 2697 arterias
1898 2651 2054 2698 transit
2072 2686 2084 2705 ,
2118 2654 2155 2696 ἃ
2186 2652 2353 2696 animal

1368 2728 1571 2775 aegrotat.
1639 2713 1820 2761 Transit
1854 2716 1983 2760 etiam
2020 2731 2099 2773 per·
2122 2712 2354 2759 succeffio-

1367 2795 1470 2824 nem
1507 2795 1561 2823 ex
1592 2789 1717 2823 metu
1751 2778 1908 2830 vacui,
1945 2779 2126 2836 quando
2169 2776 2352 2836 spiritus
2440 2818 2447 2831 s

1366 2839 1559 2888 effluxit.
1627 2842 1864 2887 GALENUS
1907 2840 1958 2887 de
1990 2844 2040 2889 V.
2061 2844 2103 2889 S.
2147 2840 2354 2901 adversus

1364 2905 1785 2952 ERAs1STRATum.

2218 2984 2260 3029 Ρ·
2279 2977 2350 3028 59·
