2531 3394
710 130 748 186 ς,
787 133 892 192 863·
932 133 1071 191 864.
1104 128 1176 177 LA
1211 124 1495 178 Morrss.
1548 94 1731 178 ssALn.
2018 147 2027 194 5
2153 145 2240 191 ης

125 270 130 271 ’
190 238 306 299 biis,
343 242 596 292 anatomica
626 244 758 290 etiam
783 241 1090 305 potiffimum,
1118 240 1339 288 &icones
1368 236 1562 300 partium
1587 238 1878 299 genitalium,
1917 243 2125 303 equidem
2163 261 2242 292 an.

190 310 347 369 tiquae.
417 309 578 356 Partus
601 306 730 355 causa
755 307 973 355 naturalis
997 305 1225 352 indicatur
1244 337 1257 357 ‚
1297 319 1322 350 a
1352 303 1514 349 robore
1547 303 1709 364 majori
1741 301 1899 358 fundi,
1938 308 2146 356 debiliori
2173 325 2240 355 rc-

190 370 386 420 fistentia
417 371 632 419 fibrarum
661 369 850 424 orificii,
889 382 939 417 ut
960 368 1062 415 istas
1093 366 1294 428 superari
1323 365 1488 413 neccsse
1518 363 1583 412 sit.

324 454 379 500 In
412 457 544 500 traite'
577 452 754 514 complet
780 451 832 497 de
866 448 1111 510 Clinno-gie,
1149 448 1281 509 quil.
1317 449 1513 508 primum
1537 464 1573 492 a.
1602 459 1733 504 1719.
1762 447 1952 507 prodiit,
1990 462 2099 497 tunc
2123 454 2241 499 Pari-

191 515 263 564 fiis
286 530 415 574 1732.
435 532 476 576 4.
514 515 708 576 4.Vol.*
741 516 791 561 in
814 513 930 560 libro
959 513 1104 573 primo
1134 513 1356 572 reperitur
1380 511 1707 571 compendium
1728 513 2049 558 anatomicum.
2105 517 2242 561 Dein-

194 582 248 628 de
274 581 426 642 paffim
451 583 662 627 adtentus
692 581 829 625 lector
854 577 903 623 in
931 576 1248 623 curationibus
1273 576 1458 636 quidem
1484 574 1752 636 chirurgicis
1781 576 1923 621 multa
1946 578 2133 636 reperiet
2155 580 2242 624 uti-

193 646 250 692 lia
266 680 278 699 ,
316 662 416 706 quae
440 644 624 705 quidem
653 650 748 688 non
774 641 877 687 licet
902 656 1178 687 enumerare.
1856 654 1859 655 ⁷

487 774 523 824 §.
559 767 927 817 DCCCLXV.
994 771 1041 824 J.
1073 770 1135 815 H.
1171 766 1364 815 Voem.
1439 770 1490 815 G.
1526 770 1570 814 E.
1598 763 1818 814 'BERNER
1857 764 1953 823 &a

322 874 369 926 J.
394 864 653 927 Hyacinthus
678 865 847 915 VOGLI
868 898 880 919 ,
919 862 1217 911 Bononiensis
1233 898 1244 917 ,
1293 863 1345 909 de
1368 862 1701 925 anthropogenia
1730 862 1838 925 Dzff
1869 869 2131 911 anatomico-
2144 863 2250 926 phy«

184 933 268 992 fica
283 968 295 987 ‚
333 938 377 979 in
394 948 478 992 qua
499 930 550 975 de
565 934 867 991 viviparorum
887 928 1024 991 genefi
1050 929 1093 975 P.
1114 929 1146 975 I.
1179 946 1267 989 quae
1294 927 1452 988 refellit·
1475 945 1558 974 ova
1571 931 1780 988 vivipara
1814 929 1991 974 Bonon.
2014 935 2146 987 1718.
2167 926 2250 988 4*

197 994 305 1045 Pars
333 996 472 1041 altera
507 1005 758 1055 propugnat
789 1010 947 1041 novum
975 993 1185 1054 specimen
1213 1005 1297 1053 per
1307 990 1548 1052 substantia
1581 997 1757 1037 uterinae
1785 992 2092 1053 elongationem
2126 1005 2253 1054 atque

196 1061 440 1108 ordinatam
472 1069 691 1104 texturam
731 1075 785 1102 ex
814 1055 1036 1115 seminibus
1068 1055 1377 1117 plafinanribus
1414 1056 1589 1101 Bonon.
1626 1067 1678 1102 ut
1707 1054 1889 1115 primu*
1954 1055 2251 1103 Scholasticus

197 1126 353 1170 auctor
381 1120 546 1169 refutat
577 1121 774 1181 optimos
813 1134 988 1166 naturae
1015 1121 1395 1180 contemplatores
1414 1153 1426 1173 ‚
1472 1132 1525 1165 ut
1564 1118 1687 1165 suam
1726 1118 1997 1179 hypothesin
2028 1120 2249 1175 stabiliat,

194 1203 287 1233 non
312 1187 407 1233 dari
434 1187 483 1232 in
504 1183 685 1231 feminis
714 1185 928 1244 viviparis
962 1201 1048 1231 ova
1068 1217 1080 1236 ,
1115 1185 1157 1230 &
1186 1182 1339 1230 semen
1368 1185 1522 1243 potius
1553 1199 1606 1228 ex
1637 1182 1822 1230 testibus
1852 1184 2063 1231 advenire
2085 1185 2134 1230 in
2155 1197 2254 1232 ute-

192 1267 320 1304 rum,
355 1250 418 1296 ibi
443 1266 548 1296 cum
569 1247 765 1295 masculo
792 1247 959 1294 semine
986 1246 1185 1300 misceri,
1234 1247 1296 1294 ita
1332 1245 1684 1293 fermentatione
1708 1248 1902 1307 quadam
1936 1260 2072 1301 nata,
2112 1246 2255 1295 fetum

193 1314 246 1360 de
267 1315 322 1360 iis
350 1312 476 1360 fibris
505 1315 547 1360 eit
575 1310 686 1359 valis
726 1313 845 1358 uteri
887 1311 1255 1373 germinantibus
1293 1312 1559 1373 propagari,
1605 1312 1737 1371 juxta
1769 1310 1997 1358 seminum
2035 1313 2255 1360 virtutem

156 1422 165 1425 s
191 1378 417 1440 plasticam
446 1377 723 1437 complicatis
752 1378 793 1422 Sc
820 1376 1061 1423 contextis.
1365 1391 1367 1393 ’

324 1461 398 1521 EJ.
439 1457 579 1506 Fluidi
601 1461 750 1504 nervei
770 1455 939 1518 historia
969 1455 1188 1503 Bononiae
1217 1467 1349 1514 1720.
1372 1453 1452 1514 4*
1498 1456 1691 1516 Spiritus
1713 1463 1867 1503 aereos
1895 1454 1968 1503 sed
1996 1456 2255 1506 subtiliores

197 1521 303 1576 effe,
336 1540 412 1570 eos
439 1539 493 1569 ex
526 1522 597 1582 pia
617 1533 790 1574 matre,
828 1537 922 1569 non
953 1537 1008 1566 ex
1036 1522 1204 1567 cortice
1237 1520 1406 1567 cerebri
1444 1517 1628 1567 secerni.
1699 1520 1952 1569 Glandulas
1987 1523 2157 1569 cerebri
2187 1539 2256 1570 re-

193 1588 304 1649 jicit.
372 1585 632 1635 Monstrum
656 1583 905 1646 acephalon
933 1583 1157 1631 describit.

327 1667 512 1717 Gottlieh
544 1665 747 1729 Ephraim
773 1667 1005 1720 BERNER‚
1043 1664 1263 1713 Profeffor
1289 1658 1657 1728 Duisbilrgensis.
1727 1667 1852 1729 EJUS
1884 1671 2024 1715 oratio
2056 1667 2108 1714 de
2123 1667 2258 1730 falla-

195 1738 261 1782 cia
281 1732 473 1793 sensnum
503 1729 561 1787 (ἐξ
590 1732 665 1790 usu
689 1732 865 1777 rationo
891 1735 934 1777 in
962 1729 1079 1777 rebus
1100 1728 1271 1792 physico}
1293 1728 1351 1785 ἓξ
1376 1730 1539 1777 medicis
1555 1765 1566 1784 ,
1608 1730 1751 1777 habita
1776 1752 1814 1776 a.
1847 1739 1963 1789 1718
1981 1766 1993 1784 ,
2034 1749 2128 1778 cum
2153 1746 2256 1795 pro-

186 1796 402 1859 feffionem
425 1794 636 1861 medicina
658 1794 930 1841 ordinariam
952 1793 1249 1857 auspicaretur
1283 1794 1523 1855 Duisburg
1544 1801 1678 1852 1718.
1706 1793 1784 1841 fol.
1820 1792 2091 1843 BOEHMER.

325 1879 398 1939 EJ.
430 1880 696 1925 Exercitatio
718 1874 905 1937 pliyfico-
921 1875 1085 1923 medica
1107 1875 1158 1922 de
1183 1876 1468 1937 applicatione
1493 1874 1683 1924 mechani
1703 1881 1761 1922 mi
1784 1876 1844 1923 ad
1864 1876 2116 1923 medicinam
2154 1879 2260 1925 Am..

199 1941 391 1990 sterdam
420 1952 557 2000 1720.
589 1939 668 1994 8.*
736 1938 875 1986 Fusus
898 1943 1056 1986 auctor
1087 1942 1129 1986 Sc
1158 1956 1313 2001 vagus.
2197 1941 2205 1945 ’

321 2024 397 2084 EJ.
435 2026 503 2068 De
526 2021 700 2081 efficacia
724 2019 782 2078 ἓξ
802 2020 878 2079 ufic
898 2023 1006 2068 aeris
1028 2020 1264 2069 mechanico
1279 2024 1523 2084 iffcorpore
1547 2020 1728 2070 hmnano
1766 2021 1982 2069 Amsterd.
2002 2030 2138 2080 1738.
2161 2021 2256 2077 8.*‚

201 2100 302 2150 'quae
330 2089 466 2133 altera
493 2085 554 2132 est
585 2085 737 2132 editio.
807 2086 970 2146 Neque
993 2098 1237 2132 anatomen
1260 2089 1489 2147 propriam
1522 2085 1682 2140 habet,
1716 2103 1862 2147 neque
1887 2089 2208 2147 experimenta.

330 2169 386 2215 In
412 2167 498 2216 Vol.
522 2168 600 2214 ΙΙΙ.
626 2168 721 2213 Aa.
738 2171 849 2214 Nat.
881 2170 980 2214 Car.
1009 2167 1090 2228 obs
1104 2179 1179 2226 27.
1217 2168 1425 2230 Cingarae
1455 2169 1656 2215 mulieris
1684 2183 1925 2223 anatome3
1965 2170 2084 2217 tubae
2111 2186 2252 2223 caecae,

203 2232 410 2280 ovarium
439 2233 700 2279 NABoan.
1257 2241 1269 2254 -’

327 2313 441 2359 Ibid.
476 2312 557 2372 obst
590 2325 663 2369 30.
701 2310 856 2373 pulsus
878 2325 1067 2373 quartus
1091 2315 1283 2374 quisque
1313 2313 1638 2367 intermittens,

337 2392 766 2442 CharlesMALOUIN
787 2398 924 2441 traite'
944 2394 1015 2440 des
1040 2408 1162 2456 corps
1179 2395 1334 2454 solides
1360 2394 1420 2451 ἓξ
1435 2395 1608 2458 strodes,
1641 2398 1693 2442 otc
1714 2414 1886 2444 examen
1908 2397 1967 2444 du
1993 2409 2257 2445 moavemenc

203 2458 263 2506 du
279 2460 414 2520 fimg,
460 2459 512 2504 cie
537 2460 641 2506 celui
664 2459 723 2504 du
752 2476 885 2512 coear,
922 2458 993 2504 des
1025 2471 1191 2506 arteres
1231 2455 1292 2516 55?
1325 2460 1396 2506 cles
1418 2472 1564 2506 autres
1589 2458 1809 2522 vaiffeaux
1840 2461 1900 2507 du
1929 2475 2050 2523 corps
2082 2461 2256 2508 lmmain

202 2524 325 2571 Paris
354 2528 486 2580 1718.
522 2521 628 2568 12.*
662 2524 703 2568 &
730 2539 853 2568 novo
880 2539 982 2568 curn
1006 2523 1143 2569 titulo
1173 2530 1306 2581 1758.
1335 2522 1442 2569 12.*
1508 2524 1804 2572 Posthumurn
1826 2542 1939 2585 opus
1969 2525 2105 2572 frater
2127 2530 2257 2579 Jaco-

204 2586 273 2633 bus
302 2591 549 2632 Laurentius
565 2587 811 2632 MALOUIN
837 2586 991 2632 edidit.
1062 2587 1148 2632 Pro
1168 2588 1459 2634 trituratione
1487 2600 1645 2634 contra
1664 2587 2072 2635 fermentationem.
2139 2591 2255 2635 Om-

204 2667 286 2697 nes
314 2636 448 2697 fibr‘as
470 2649 670 2709 corporis
699 2647 889 2695 humani
918 2651 1084 2709 pollere
1109 2652 1270 2697 elatere
1306 2652 1348 2697 ἃ
1378 2652 1425 2697 vi
1457 2654 1712 2699 contractui
1736 2687 1747 2705 ‚
1789 2655 1831 2699 δε
1868 2652 2066 2698 oscillare
2091 2670 2102 2702 ;
2157 2668 2256 2698 eam

203 2714 296 2761 vim
326 2713 379 2760 ab
401 2721 500 2760 aere
526 2712 687 2759 habere
706 2746 719 2766 ‚
746 2714 825 2772 qui
850 2713 899 2759 in
924 2712 1051 2759 fibris
1082 2712 1269 2760 habitet.
1337 2715 1396 2761 Et
1413 2717 1541 2763 venis
1562 2714 1686 2762 suam
1710 2715 1789 2762 effe
1817 2716 2122 2763 contractilem
2144 2717 2254 2770 vim,

203 2793 351 2838 neque
370 2793 467 2823 eam
491 2775 718 2829 sufficere,
756 2793 857 2836 quae
873 2777 921 2822 in
945 2778 1078 2823 corde
1108 2777 1168 2823 est
1197 2779 1303 2825 inve
1326 2780 1517 2826 arteriis.
1585 2781 1693 2826 Vim
1720 2780 1866 2826 cordis
1885 2794 1981 2824 non
2007 2780 2117 2825 adeo
2136 2796 2259 2840 mag-

205 2858 312 2887 nam
348 2839 455 2894 effe,
501 2858 649 2900 neque
677 2856 835 2886 omnes
869 2839 1133 2888 resistentias
1162 2840 1395 2901 superare,
1447 2859 1548 2903 quae
1577 2860 1602 2889 a
1625 2844 1671 2890 vi
1711 2844 1973 2889 arteriarum
2002 2844 2257 2889 contractili

207 2905 463 2966 adjuvetur.
519 2903 636 2951 Vasa
652 2904 839 2950 minima
853 2904 1066 2951 oscillare.
1112 2907 1303 2967 Spiritus
1324 2907 1540 2953 animales
1556 2908 1738 2966 ignotos
1759 2904 1839 2952 effe
1855 2906 1894 2952 &
1909 2904 2173 2966 superfluos,
2202 2907 2257 2952 iis

207 2965 388 3016 succum
413 2967 656 3016 nervosum
681 2985 785 3016 curn
799 2968 957 3015 iisdem
978 2967 1069 3015 fere
1092 2971 1385 3031 qualitatibus
1399 2970 1548 3018 noster
1565 2969 1809 3016 substituit.
1879 2970 1943 3017 Ut
1963 2969 2042 3017 fiat
2063 2970 2257 3017 nutritio
