2531 3394
460 110 507 169 ἕ.
535 123 656 173 1140
675 137 737 147 -·-
765 125 902 173 1143.
941 178 944 181 Ι
969 114 1231 164 MONRO.
1299 114 1569 171 HSCHER.
1639 110 2036 193 GRDNQVIUS.
2180 131 2267 181 504

223 239 368 299 mffaeo
396 241 446 288 L.
466 243 520 289 T.
540 243 599 289 G.
632 242 924 303 adservantur
957 245 1251 306 defiri'ptiones
1281 262 1334 306 ex
1370 244 1519 292 ordine
1539 244 1800 306 sjstematico
1852 251 1972 296 Leid.
1998 263 2125 310 1754.
2145 249 2273 298 fot*

221 302 382 364 Passim
405 306 718 354 intercurrunt
749 309 913 370 aliquae
938 307 1126 368 piscium
1149 306 1416 361 incisiones,
1453 322 1506 355 ut
1528 308 1677 364 fiIuri,
1715 313 1796 371 qui
1825 329 1981 370 penem
2020 315 2180 361 habere
2207 315 2273 361 di-

219 367 342 414 citur
368 370 409 415 &
430 383 683 417 omentum.
752 373 1024 432 Cycloptero
1055 387 1214 417 verum
1250 371 1311 417 est
1351 370 1699 428 mesenterium,
1752 377 1794 422 ἃ
1822 375 1872 420 in
1908 392 1961 421 eo
1999 377 2101 423 vasa
2139 379 2268 431 alba,

223 446 324 490 quae
353 433 408 478 ad
433 435 701 493 particulam
731 436 929 482 cisternae
961 434 1082 494 chyli
1109 450 1214 479 non·
1235 432 1486 482 diffimilem
1515 450 1685 484 coeunt.
1737 442 1864 498 (quo
1895 455 1950 485 ex
1984 441 2082 486 loco
2119 442 2270 488 videas

221 507 382 554 praeter
407 498 802 546 BARTHOLINUM
827 499 963 545 etiam
990 499 1322 545 GRONOVIUM
1350 499 1403 545 de
1428 498 1540 546 vasis
1575 502 1725 548 lacteis
1751 501 1937 562 piscium
1964 503 2212 563 cogitasse.)

350 579 478 625 T.11.
509 580 630 626 Leid.
658 584 788 637 1756.
820 577 935 639 fols
981 583 1081 626 Ace.
1112 578 1423 642 amphibiorum
1444 582 1694 628 animalium
1718 581 1887 644 historia
1916 583 2143 645 zoologica,
2179 601 2270 643 quo

219 641 358 689 refert
377 640 636 703 serpentum
667 644 710 689 &
737 659 949 689 ranarum
976 642 1137 690 claffes.

349 725 423 785 EJ.
459 722 730 785 Zoophylacii
747 724 1091 774 GRONOVIANl
1119 723 1221 771 fasc.
1240 726 1307 777 1.;
1345 723 1540 776 exhibens
1571 726 1778 773 animalia
1807 726 2088 789 quadrupeda
2113 727 2273 790 amphi-

220 786 293 834 bia
322 800 450 849 atque
472 787 604 849 pisces
627 786 766 845 musaei
779 787 853 844 sui
887 789 1008 835 Leid.
1033 795 1122 847 176
1127 801 1165 844 3.
1186 787 1301 836 fot*
1365 787 1509 836 Pisces
1544 790 1789 838 uberiores.
1859 792 2123 852 Gymnotus
2152 794 2272 841 Suri-

221 851 444 898 namensis
471 851 650 897 videtur
669 851 877 898 electrico
905 868 1072 912 vapore
1100 869 1278 899 nocere.

349 935 405 982 T.
428 933 486 980 II.
526 938 661 991 1764.
697 931 814 979 fot*
880 931 1050 980 Inseeta
1073 935 1294 980 eontinet.

348 1015 424 1075 EJ.
465 1015 591 1075 Brief
608 1032 691 1061 uun
717 1015 770 1060 C.
795 1015 856 1061 N.
893 1030 997 1060 over
1028 1018 1166 1059 nieuw
1190 1012 1386 1060 ontdelzte
1412 1013 1662 1074 zeediertjes
1696 1017 1870 1076 (Beroe
1893 1021 1934 1066 ὃς
1960 1019 2175 1076 medusa)
2219 1039 2271 1068 en

219 1079 578 1204 gyezclygsssssngtuga
616 1078 696 1124 den
715 1077 932 1136 fiddervis
967 1076 1020 1136 of
1043 1076 1211 1139 hecfaal
1259 1080 1309 1125 in
1354 1079 1572 1139 Uytgeleez
1609 1079 1856 1128 verhundel.
1899 1085 1955 1131 T.
1982 1086 2063 1132 III.
2110 1086 2164 1132 de
2198 1102 2273 1132 eo-

345 1225 419 1285 EJ·
458 1221 585 1282 Bries
598 1239 683 1267 amn
708 1226 772 1268 N.
808 1220 1056 1272 behelzeude
1081 1242 1152 1271 een
1177 1229 1339 1272 nieuwe
1363 1228 1676 1288 waarneeming
1701 1239 1888 1276 omtrent
1911 1228 2038 1280 zeker
2061 1245 2270 1295 zeegewas

221 1284 688 1348 (marium-cochleae
716 1286 779 1332 ib.
809 1303 853 1333 v.
880 1286 954 1342 2.)

345 1366 464 1415 lbid.
491 1366 817 1428 cyclogastrum
848 1366 1073 1416 describit.

343 1450 400 1496 In
420 1450 515 1496 Aa.
538 1449 714 1495 Helvet.
743 1450 794 1496 T.
818 1450 900 1495 IV.
938 1462 1145 1498 accurate
1181 1452 1275 1512 agit
1314 1453 1367 1500 de
1403 1455 1601 1516 anguilla
1643 1455 1909 1518 stuporisera
1944 1458 2268 1508 Surinamenfi.

217 1516 316 1563 Ictu
342 1513 497 1566 laedit,
535 1513 617 1572 qui
642 1529 719 1573 per
738 1513 939 1573 lignum,
977 1512 1051 1560 sed
1079 1515 1358 1576 potiffimum
1383 1534 1460 1578 per
1491 1522 1723 1567 metallum
1754 1535 2042 1585 propagatur.

344 1597 478 1644 IDEM
509 1593 562 1640 de
588 1595 860 1641 animalculo
886 1597 1064 1643 marino
1090 1597 1341 1659 gelatinoso
1374 1601 1415 1647 ἃ
1443 1602 1600 1662 polypi
1626 1600 1784 1663 specie.

773 1722 818 1781 §.
860 1726 1181 1775 MCXLIII.
1280 1731 1528 1777 Anatomici
1556 1735 1693 1780 Varii.

345 1826 685 1872 ARCHANGELI
716 1822 1148 1873 PICCOLHOM1NE1
1177 1838 1374 1872 anatome
1410 1832 1579 1888 integra
1621 1845 1728 1875 cum
1767 1829 2026 1890 praefatione
2051 1835 2091 1880 &
2118 1851 2268 1883 emen-

217 1889 399 1936 datione
423 1888 464 1948 J.
490 1888 746 1940 FAm-om,
777 1887 823 1932 V
825 1903 948 1932 enez.
970 1900 1104 1946 1754.
1130 1886 1239 1935 fot*
1304 1889 1495 1950 Insignis
1521 1889 1641 1938 fraus
1670 1894 1954 1954 typographi.
2021 1899 2267 1958 Nuperum

218 1954 340 2000 enim
364 1950 424 1998 est
450 1967 564 2010 opus
600 1950 688 1997 hoc
714 1949 863 1996 seculo
898 1949 1112 2010 scriptum
1132 1985 1144 2004 ,
1192 1954 1321 2013 cujus
1350 1957 1508 2000 auctor
1544 1972 1702 2002 omnes
1734 1959 2015 2007 membranas
2055 1977 2108 2007 ex
2141 1962 2266 2010 fibris
2326 1981 2328 1983 “

216 2018 289 2064 vel
314 2032 368 2062 ex
399 2015 577 2123 lamini?
601 2012 822 2061 cellulosae
847 2015 948 2060 telae
977 2016 1087 2062 oriri
1109 2013 1284 2063 scribat.
1352 2018 1512 2065 Icones
1541 2035 1595 2064 ex
1619 2020 1945 2071 REMMELINO
1975 2026 2016 2070 ὃς
2040 2026 2264 2075 VESALlo

217 2079 332 2128 fictae
351 2080 462 2126 mire
488 2078 541 2124 de
565 2095 727 2125 ormes.

345 2162 393 2213 S.
422 2161 473 2206 A.
495 2160 554 2205 D.
577 2161 794 2212 Τιεεοτ,
828 2159 1146 2207 celeberrimus
1168 2161 1372 2216 clinicus,
1400 2163 1549 2210 noster
1578 2165 1627 2210 in
1660 2166 1815 2225 primis
1835 2168 2004 2216 amicus
2024 2204 2037 2223 ,
2074 2170 2162 2218 hoc
2190 2189 2268 2219 an-

217 2241 280 2272 no
309 2225 446 2271 vertit
476 2225 517 2269 ’δε
545 2223 686 2269 edidit
729 2239 884 2269 meum
909 2223 960 2269 de
987 2224 1191 2285 partibus
1213 2225 1473 2284 senfihilihus
1504 2226 1562 2283 ἓξ
1595 2230 1874 2276 imitabilibus
1901 2240 2263 2282 commentarium.

215 2290 272 2336 In
302 2285 566 2395 praefatiOAEe
584 2298 868 2332 momentum
894 2287 1118 2342 ostendit,
1152 2290 1276 2349 quod
1301 2306 1528 2337 novorum
1549 2294 1963 2353 experimentorum
1987 2297 2036 2343 in
2055 2298 2265 2345 universa

216 2351 441 2403 medicina
468 2366 490 2395 e
533 2385 543 2395 .

343 2432 400 2504 In
417 2430 587 2541 ‘'11211113
610 2447 797 2478 meorum
821 2435 1221 2479 commentariorum
1246 2446 1441 2496 quatuor
1472 2438 1779 2499 experimenta
1805 2440 1857 2488 de
1887 2442 2085 2490 tendiiiis
2112 2444 2159 2490 in
2184 2443 2264 2491 ho-

215 2512 338 2543 mme
365 2511 413 2541 in
448 2511 474 2540 o
496 2506 634 2540 entia.

346 2578 418 2637 EJ.
456 2580 605 2622 Lettre
637 2576 662 2620 εὶ
692 2578 764 2622 Μ.
794 2576 992 2624 HIRZEL
1010 2577 1093 2636 fiir
1117 2578 1313 2640 quelques
1339 2585 1546 2642 critiques
1574 2582 1625 2629 de
1655 2589 1723 2631 M.
1759 2585 1811 2632 de
1838 2587 1983 2633 HAEN
2030 2585 2265 2634 Lausanne

222 2645 358 2700 1762.
387 2640 492 2687 12.*
529 2640 620 2700 agit
649 2638 703 2684 de
732 2640 886 2698 pleura
914 2639 1134 2695 insensili‚
1166 2659 1244 2703 per
1271 2645 1631 2703 experimentum
1660 2649 1710 2693 in
1737 2647 1922 2695 homine
1947 2649 2126 2696 factum.
2164 2654 2265 2698 No-

217 2704 349 2750 stram
376 2704 429 2749 de
454 2701 754 2750 irritabilibus
784 2704 824 2748 ἃ
850 2700 1149 2752 sentientibus
1177 2708 1379 2766 corporis
1415 2707 1604 2756 humani
1636 2712 1837 2771 partibus
1869 2711 2135 2760 sententiam
2166 2731 2264 2763 non

217 2766 298 2813 effe
318 2767 465 2814 Leidae
486 2777 652 2823 natam.
720 2767 871 2812 Multa
899 2783 980 2828 pro
1004 2768 1152 2815 nostra
1176 2769 1453 2819 innocentia.

346 2848 561 2895 FRANCIS
588 2850 821 2895 Pfi‘NRosE
844 2848 1027 2910 phyfical
1063 2848 1173 2912 ffzy
1209 2868 1262 2898 on
1287 2851 1356 2898 the
1384 2855 1555 2901 animal
1579 2871 1779 2914 ceconomy
1826 2857 1971 2904 Lond.
2006 2871 2140 2918 1754.
2181 2857 2262 2914 8.*

219 2908 629 2965 Fermentationem
652 2911 791 2959 habet
813 2930 896 2974 pro
925 2911 1054 2962 fonte
1080 2927 1293 2962 motuum
1325 2916 1781 2966 microcosmicorum.
1856 2921 1967 2969 Eam
1999 2924 2110 2971 oriri
2134 2936 2266 2985 putat

1212 2981 1408 3038 Rrr3
2207 3004 2263 3035 ex
