2531 3394
495 126 892 186 §.1235.1236.
957 121 1584 174 DISPUTATIONES.
1652 125 1941 174 DIARIA.
2158 131 2253 186 643

197 305 202 312 ,
291 261 436 308 Petri
459 255 558 313 Jo‘h.
583 258 895 304 VASTAPANA
928 261 1192 304 Exercitatio
1208 253 1371 318 physico
1395 252 1557 302 medica
1591 255 1739 326 Tutin
1768 263 1902 313 1767.
1923 263 1968 309 8
1974 253 2000 279 *¹
2069 256 2140 302 De
2175 265 2250 304 tua

186 323 288 370 nica
313 321 554 369 cellulosa:
604 322 659 368 de
688 332 791 368 cute
822 323 863 367 &
886 323 984 383 ejus
1010 321 1168 368 succis.

326 420 488 469 Thomae
513 424 686 469 SMITH
716 421 767 467 de
790 433 909 468 motu
935 419 1164 478 masculari
1197 417 1435 480 Edinburg
1460 425 1592 478 1767.
1626 425 1668 473 8.
1672 417 1704 448 *
1769 418 1877 465 Vim
1910 418 2083 466 insitam
2121 420 2244 468 mus-

196 486 402 532 culorum
431 498 582 532 tamen
614 502 638 531 a
667 487 818 531 nervis
845 483 958 529 effe·
948 516 960 536 ,
1008 485 1140 529 etiam
1171 500 1220 528 ea
1254 485 1465 529 animalia
1496 486 1645 529 nervis
1673 485 1862 542 pollere,
1901 485 2065 542 quibus
2098 501 2250 545 neque

188 563 322 609 caput
350 548 426 602 sit,
462 566 610 609 neque
642 549 778 595 oculi.
862 550 1017 594 Solum
1051 549 1171 593 inter
1195 545 1302 592 sales
1334 548 1560 593 marinum
1594 563 1804 593 ranarum
1841 545 2095 592 mulculos
2085 562 2133 592 111
2153 565 2251 595 mo-

190 627 287 660 tum
322 615 462 667 ciere,
497 629 664 674 paucos
684 613 796 658 alios
815 611 937 657 idern
969 610 1086 672 pofle
1117 611 1269 657 nervis
1304 612 1508 658 irritatis.
1578 612 1689 658 Haec
1715 610 2013 658 incredibilia.

314 713 358 775 J.
378 713 436 758 H.
462 714 867 763 SCHQENHEIDER
894 709 946 756 de
971 714 1220 772 impotentia
1241 714 1381 757 motus
1405 710 1604 757 animalis
1636 707 1942 769 Haf11·.1767·
2005 709 2053 758 .*

661 864 700 913 §.
741 858 1178 907 MCCXXXVI.
1277 860 1440 905 Diaria
1469 862 1574 905 anni
1605 864 1741 917 1768..

309 976 365 1023 In
390 972 500 1022 Phil.
528 975 678 1035 Trans
713 975 800 1024 Vol.
827 975 1023 1027 LVIII..
1065 974 1190 1033 quod
1222 972 1361 1034 hujus
1389 973 1500 1019 anni
1534 989 1603 1020 res
1641 973 1780 1034 gestas
1818 974 2052 1028 continet,
2091 976 2248 1037 aliqua

180 1039 411 1099 pertinent
429 1040 482 1085 ad
500 1056 593 1085 rem
623 1038 836 1092 nostram,
860 1037 1064 1099 Josephus
1083 1038 1426 1085 BENVENUTUS
1441 1072 1452 1090 ‚
1481 1038 1560 1097 qui
1578 1050 1714 1097 caput
1731 1039 1981 1086 maximum
2001 1038 2247 1101 descripsit.

308 1137 363 1183 In
382 1141 517 1183 ,Mem
541 1137 593 1183 de
616 1136 786 1183 l'Acad.
814 1136 886 1182 des
908 1134 1065 1183 Scienc.
1095 1136 1146 1182 de
1167 1141 1295 1184 Paris
1333 1142 1469 1196 1768.

305 1238 598 1283 HERissANT
634 1237 675 1281 &
705 1235 1029 1283 CONDAMINE
1071 1235 1266 1283 cochleis
1302 1248 1437 1297 caput
1475 1247 1808 1297 amputarunt,
1852 1239 1893 1285 &
1930 1238 2149 1288 viderunt
2176 1255 2248 1286 re-

176 1298 326 1354 nasci,
366 1304 405 1346 &
429 1315 521 1346 una
546 1315 718 1346 cornua
739 1301 781 1345 &
803 1300 962 1346 dentes
979 1335 991 1354 ,
1027 1299 1237 1362 ipsosque
1259 1303 1432 1348 oculos.

306 1401 587 1447 DUPEIRON
620 1396 792 1446 menses
821 1400 872 1446 in
903 1397 1073 1447 femina
1100 1414 1176 1457 91.
1200 1417 1428 1448 annorum
1452 1413 1701 1448 manantes.

303 1499 498 1546 TILLET
535 1499 665 1558 Equa
692 1497 823 1546 11111111
853 1502 894 1546 &
920 1516 1017 1547 uno
1042 1512 1175 1561 partu
1198 1503 1240 1548 &
1264 1517 1434 1561 equum
1464 1501 1639 1561 peperit
1665 1502 1706 1547 &
1735 1502 1934 1558 mulum.

299 1599 356 1646 In
380 1604 514 1646 Mem.
541 1599 593 1645 de
621 1597 952 1660 nmdnemaffique
979 1598 1037 1656 ἓξ
1066 1600 1115 1646 de
1131 1599 1331 1662 phjsz'que
1348 1599 1599 1662 presentes
1578 1620 1602 1645 a
1626 1599 1797 1646 l‘ſtrAczd
1825 1600 1896 1647 des
1914 1605 2071 1648 Scienc.
2094 1602 2149 1650 Τ.
2166 1600 2233 1650 V

171 1680 212 1710 a.
238 1670 371 1721 1768.
401 1664 541 1715 edito,
573 1664 824 1711 ERNAULD
861 1666 915 1710 de
939 1663 1021 1710 suo
1055 1664 1272 1718 artificio,
1319 1681 1410 1724 quo
1439 1663 1597 1710 surdos
1627 1665 1754 1723 loqui
1780 1664 1924 1712 docet.
1994 1667 2243 1726 Plerosque

171 1727 334 1774 surdos
359 1739 489 1773 natos
511 1727 699 1788 ingenio
723 1729 906 1788 pollere.
975 1729 1141 1787 Aliqua
1160 1729 1213 1775 de
1235 1729 1453 1775 motubus
1474 1729 1592 1781 oris,
1622 1729 1788 1788 qulbus
1815 1728 1965 1775 literas
1993 1727 2236 1778 efficimus.

297 1828 569 1874 BETBEDER
606 1827 788 1874 duobus
813 1827 867 1873 de
897 1827 1137 1888 infantibus
1167 1844 1245 1889 per
1278 1825 1416 1874 solam
1448 1839 1598 1875 cutem
1626 1827 1899 1888 conjunctis.
1987 1829 2122 1877 IDEM
2157 1829 2243 1890 qui.

171 1889 224 1937 de
255 1889 593 1952 hydrocephalo
626 1892 853 1952 pellucido
873 1889 1057 1952 scripsit.

300 1991 369 2037 Cl.
399 1992 469 2036 vir
494 1989 619 2039 (Ξενία.
650 1990 780 2039 Wilh.
805 1993 1022 2037 MULLER
1054 1990 1109 2037 dre
1140 1989 1476 2052 ichthyocolla,
1523 2008 1620 2038 non
1657 1989 1760 2039 satis
1802 1990 1945 2039 facilis
1974 1993 2229 2040 intellectu.

165 2056 367 2104 Paratam
390 2052 471 2101 effe
500 2055 550 2101 in
571 2054 712 2102 vefica
738 2055 978 2102 natatoria.

362 2156 678 2203 .DESCEMET
699 2155 753 2200 de
771 2156 919 2201 oculo.
969 2153 1290 2200 Chorioideam
1311 2154 1617 2200 membranam
1636 2155 1767 2201 etiam
1785 2171 1840 2201 ex
1860 2152 2090 2202 sclerotica
2107 2156 2237 2210 oriri..

168 2219 416 2292 producere
451 2230 642 2267 tenuem
667 2219 1000 2272 membranam,
1037 2235 1136 2278 quae
1168 2217 1250 2264 sub
1284 2235 1446 2265 cornea
1485 2221 1639 2266 tunica
1668 2220 1991 2273 continu-etur,
2025 2219 2235 2273 elasticaf

167 2284 218 2330 in
239 2284 417 2344 magnis
445 2284 718 2330 animalibus
747 2300 771 2330 a
801 2299 966 2329 cornea
993 2284 1154 2330 melius
1180 2281 1449 2342 separabilis.

168 2447 205 2494 C
296 2384 351 2430 In
377 2388 535 2444 Journ.
570 2382 621 2429 de
658 2382 867 2431 medecine
901 2384 955 2430 T.
984 2382 1094 2429 XV.
1163 2381 1300 2430 IDEM
1340 2381 1490 2428 denuo
1533 2382 1587 2428 de
1622 2397 1743 2429 nova
1784 2382 2044 2429 membrana
2073 2394 2233 2429 contra

208 2448 237 2494 l.
265 2449 528 2494 DEMOURS.

298 2530 354 2575 In
380 2529 436 2575 T.
461 2528 625 2576 XXX.
681 2529 817 2575 IDEM
855 2544 990 2589 porro
1025 2537 1185 2573 contra
1220 2529 1325 2573 Petu
1327 2544 1397 2572 um
1435 2528 1693 2578 DEMOURS
1732 2528 1835 2589 jura
1871 2526 1948 2574 sua
1983 2526 2230 2581 defendit?

111 2626 114 2628 -
165 2590 487 2654 descriptiones
513 2604 774 2652 comparat,
818 2594 859 2638 &
895 2591 1092 2638 ostendit
1131 2606 1227 2636 non
1254 2589 1417 2638 similes·
1447 2591 1542 2639 esse.
1621 2594 1734 2639 Non
1772 2591 1852 2638 else
1891 2608 2064 2638 corneae
2096 2591 2223 2638 lami·

165 2673 310 2711 nam,
354 2660 395 2704 &
429 2656 643 2703 fabricam
673 2652 866 2705 differre.

288 2740 344 2786 T.
366 2739 598 2786 XXXIII.
656 2739 788 2785 IDEM
829 2739 1019 2784 omnino
1059 2736 1184 2784 suam
1224 2746 1391 2784 novam
1429 2738 1736 2783 membranam
1771 2752 1866 2782 non
1901 2734 1981 2782 effe
2010 2736 2230 2783 laminam.

166 2803 429 2850 interiorem
456 2820 631 2850 corneae
663 2805 832 2849 tunicae
852 2837 865 2856 ,
903 2801 1024 2849 nasci
1046 2803 1100 2849 ab
1125 2802 1331 2849 orbicolo
1356 2800 1629 2848 chorioideae
1662 2803 1703 2847 ὃς
1727 2816 1750 2845 a
1775 2801 2068 2861 cartilaginea-
2084 2816 2229 2847 mem-

164 2867 306 2913 brana
340 2872 462 2914 Petri
486 2869 741 2915 DEMOURS
769 2862 961 2913 differre.

290 2952 341 3001 ‚K-
364 2948 561 3011 ἅψωμαι.
588 2955 650 3000 W
647 2948 796 3013 etenslz.
828 2948 967 2999 Acad.
993 2947 1235 3064 Hatzdgioeng.
1262 2948 1318 2995 T.
1335 2959 1409 3003 29.
1440 2949 1549 2994 anni
1576 2952 1709 3007 1768.
1748 2949 1793 3001 J.
1813 2945 2038 3011 Adolphus
2063 2944 2224 3057 MUR}

1203 3029 1253 3059 m.
1281 3029 1329 3060 m
1348 3028 1393 3060 m
1425 3023 1459 3061 2
2116 3024 2187 3059 ΒΑ.
