2531 3394
555 114 594 165 ς.
635 119 767 169 1170.
809 119 943 170 1171.
1014 123 1080 158 nn
1114 108 1336 158 HAEN,
1403 108 1793 162 DISPUTAT.
2081 80 2084 90 “
2121 126 2207 177 54³

156 241 467 304 conceptionis
502 239 619 287 nihil
655 239 736 287 effe
769 242 895 289 certi.
982 239 1210 295 Menfium
1245 239 1621 299 interceptionem
1645 241 1819 302 aliquot
1845 241 2217 296 hebdomadibus

155 308 356 355 aberrare
378 303 509 366 poffe.
578 307 616 352 A
641 306 785 365 primo
809 319 939 352 motu
964 306 1072 352 vitae
1103 320 1235 350 aeram
1260 302 1402 349 ordiri
1427 307 1634 353 tentavit.
1715 307 1916 367 Tempus
1947 323 2099 369 partus
2135 328 2206 358 ca-

156 371 259 417 dere
274 372 393 417 inter
412 381 482 425 39.
500 370 628 427 8642.
645 369 996 429 hebdomadem5
1056 367 1193 426 Signa
1216 365 1335 412 fetus
1349 369 1539 426 praeooci
1562 380 1694 428 partu
1710 369 1819 415 editi
1839 400 1849 415 ,
1882 371 2000 418 intes
2015 391 2064 419 ea
2084 376 2208 421 oculi

157 432 292 481 clausi
310 468 322 487 ,
360 433 556 480 scrotum
584 435 742 485 inane,
778 432 960 492 pondus
984 447 1078 476 non
1104 429 1236 489 supra
1264 428 1340 475 sex
1370 430 1522 477 libras.
1589 433 1772 478 Motum
1797 432 1984 481 infantis
2008 438 2204 495 primum

154 499 323 558 percipi
345 498 465 543 inter
493 495 819 542 hebdomadem
857 507 929 549 19.
957 496 999 540 &
1023 505 1099 542 22.
1165 493 1335 540 Tribus
1368 505 1471 539 ante
1503 506 1678 554 partum
1726 496 1951 544 mensibus
1982 514 2115 557 caput
2144 499 2204 547 fe-

155 573 230 609 tus
258 562 376 608 uteri
408 560 520 607 ostio
544 560 794 606 imminere.
860 559 974 604 Non
1000 573 1106 617 ergo
1137 567 1340 617 tempore
1369 568 1522 618 partus
1549 556 1667 605 fetus
1693 557 1736 605 se
1759 560 1836 622 dat
1856 563 2147 622 praecipitem.
2211 582 2215 583 ν

286 641 490 705 Stephani
523 641 685 702 Zagoni
723 640 858 686 BARA
891 638 943 684 de
982 636 1149 685 theoria
1181 640 1524 702 inflammation&
1556 641 1762 702 vulgari,
1807 643 2132 702 vencesefflonem
2163 650 2208 692 in

156 711 380 753 curatione
417 716 644 753 acutarum
670 703 1053 764 inflammationum
1090 703 1200 748 male
1227 702 1434 763 dirigente
1485 704 1697 764 Gotting.
1731 717 1861 764 1757.
1897 711 1976 765 4.*
2031 708 2208 755 Contra

156 771 485 878 BOERHAAVI}
496 767 731 815 theoriam.
800 765 1008 812 Crustam
1038 766 1320 827 pleuriticam
1354 765 1436 812 effe
1467 765 1615 814 serum
1651 767 1885 831 sanguinis
1923 769 2114 832 spiffius,
2152 788 2209 819 ex

158 835 285 881 victu
319 849 453 880 carno
476 849 519 878 0.

286 912 495 962 Philibert
520 910 769 959 VOELKER
801 909 931 971 theses
957 928 1008 957 ex
1021 910 1201 971 scientia
1227 911 1392 959 medica
1426 913 1638 975 Gotting.
1661 926 1797 973 1757.
1824 913 1908 975 4*

285 1000 331 1050 J.
365 993 481 1042 Frid.
519 984 780 1041 RICHERTS
822 993 1058 1052 observatio
1094 995 1302 1053 viscerum
1347 993 1680 1042 abdominalium
1715 997 1819 1044 labzk
1851 998 1990 1046 brevis
2028 998 2208 1061 epicrifis

153 1058 276 1108 Leid.
304 1071 439 1116 1757.
459 1055 541 1116 4.*
607 1058 791 1103 Fabrica
817 1055 970 1102 scroti.
1037 1058 1203 1103 Dar-tos
1233 1056 1457 1105 cellulosa.

170 1190 172 1193 v
283 1144 331 1194 J.
360 1139 531 1185 Alberti
549 1142 730 1184 Henrici
754 1139 1004 1191 REIMAR1‚
1043 1136 1152 1190 filii,
1188 1137 1292 1197 obs5.
1323 1137 1374 1183 de
1402 1151 1568 1185 tumore
1596 1140 1922 1202 ligamentorum
1952 1148 2070 1191 circa
2097 1150 2209 1192 arti-

157 1205 292 1256 culos,
317 1204 455 1263 sango
482 1202 766 1247 articulorum
796 1201 904 1247 dieze
946 1201 1070 1247 Leid.
1100 1213 1236 1259 1757.
1264 1199 1343 1258 4*
1398 1204 1662 1264 Ligamenta
1686 1207 1727 1251 &
1752 1206 1949 1265 capsulas
1973 1220 2103 1268 putat
2128 1225 2207 1269 per

156 1268 558 1313 inflammationem
590 1263 742 1310 sensus
775 1263 875 1311 fieri
903 1277 1159 1324 compotes,
1195 1281 1344 1325 neque
1369 1267 1493 1311 enim
1522 1266 1687 1314 sentire
1708 1270 1826 1315 vidit
1855 1287 1958 1316 cum
1989 1271 2208 1318 discinde-

154 1342 237 1376 ret.
304 1330 455 1375 Partes
490 1327 620 1388 super
647 1326 689 1374 se
713 1342 859 1375 motas
894 1344 993 1374 non
1020 1326 1185 1375 sentire
1213 1345 1268 1374 ex
1296 1330 1481 1391 proprio
1518 1333 1724 1393 exemplo
1756 1332 2066 1382 confirmatur.
2151 1337 2209 1384 In

156 1395 268 1440 callo
299 1390 402 1439 vasa
440 1408 495 1438 ex
523 1393 800 1439 HUNTERO.
1904 1395 1912 1403 ’

279 1475 355 1535 EJ.
397 1478 483 1523 Von
502 1472 581 1519 den
594 1471 912 1536 Pflanzthieren
946 1475 1110 1522 Hamb.
1141 1487 1274 1536 1773.
1298 1475 1376 1531 8.*
1427 1478 1513 1525 Pro
1538 1478 1749 1526 monstris
1771 1481 2081 1542 originalibus.
2151 1483 2208 1530 Se

152 1538 306 1589 vidiffe
326 1550 456 1598 putat
483 1538 618 1583 ramis
655 1539 788 1583 novis
811 1539 995 1596 arterias
1017 1541 1308 1600 germinasse:
1344 1543 1526 1589 arterias
1554 1546 1594 1589 &
1620 1560 1758 1590 venas
1781 1560 1874 1590 una
1893 1544 1934 1590 se
1960 1545 2204 1600 invenisse,

154 1607 198 1651 &
226 1620 295 1650 eas
319 1601 431 1648 fines
457 1599 561 1647 suos
594 1613 818 1648 extremos
846 1601 1049 1648 univiffe.
1117 1606 1182 1651 Ut
1206 1605 1418 1651 animalia
1449 1606 1678 1667 zoophyta
1715 1606 2016 1662 adhaeresant,
2069 1611 2207 1657 etiam

152 1684 231 1730 per
263 1666 444 1713 radices.
541 1666 602 1711 Ut
631 1667 777 1711 taeniae
801 1683 854 1710 ex
876 1682 971 1711 uno
993 1668 1184 1714 articulo
1214 1667 1492 1715 increscant:
1542 1683 1594 1717 ut
1616 1670 1951 1731 zoophytorum
1981 1671 2062 1719 fiat
2090 1676 2208 1720 mul-

155 1730 376 1791 tiplicatio
402 1745 478 1789 per
504 1745 590 1774 ova
609 1758 619 1775 2
654 1745 730 1789 per
755 1741 925 1788 partem
955 1728 1052 1783 sui,
1084 1748 1162 1791 per
1184 1730 1464 1779 divisionem.
1535 1736 1599 1781 Ut
1619 1733 1846 1795 zoophyta
1871 1737 1991 1783 inter
2022 1754 2207 1799 compo-

154 1793 232 1842 fita
254 1808 404 1841 tamen
429 1793 641 1852 quodque
673 1790 798 1838 suam
827 1794 1099 1853 peculiarem
1127 1797 1412 1842 voluntatem
1434 1796 1611 1844 habeat.

148 1924 160 1935 x
208 1882 212 1885 '
282 1875 484 1923 Lambert
516 1875 708 1921 BICKER
753 1873 804 1919 de
839 1887 1001 1921 natura
1037 1873 1237 1929 homian
1281 1895 1368 1938 quae
1397 1878 1652 1926 medicorum
1693 1882 1745 1940 est
1796 1881 1919 1927 Leid.
1955 1894 2090 1941 1757.
2120 1881 2206 1942 4*

156 1941 334 1989 Natura
362 1938 535 1985 summa
566 1937 627 1984 est
658 1938 824 1984 virium
854 1941 1055 1998 corporis
1091 1939 1295 1986 humani.
1363 1943 1489 1988 Inter
1520 1959 1592 1989 eas
1630 1944 1747 1990 vires
1785 1944 1845 1989 est
1870 1946 2050 1992 anima:
2092 1959 2205 1994 tunc

154 2005 304 2051 virtus
333 2003 506 2054 vitalis,
542 2018 642 2060 quae
671 1999 762 2060 ipsa
794 2002 855 2048 est
885 2003 1191 2057 instabilitas,
1250 2006 1290 2050 &
1318 2005 1367 2050 in
1394 2006 1527 2053 corde
1555 2007 1693 2053 etiam
1723 2024 1818 2053 non
1848 2011 2020 2068 repleto
2050 2027 2205 2070 opera-

158 2080 249 2115 tur.
317 2067 426 2113 Eam
457 2066 552 2111 vim
584 2064 732 2110 noster
761 2063 933 2126 separat
963 2082 988 2111 a
1021 2066 1245 2113 sentiendi
1278 2070 1347 2121 vi,
1398 2086 1499 2115 cum
1530 2071 1740 2130 animalia
1766 2087 1791 2117 a
1818 2070 1956 2119 fumis
1988 2072 2202 2122 sulfureis

154 2131 504 2178 irritabilitatem
535 2129 770 2181 amittant,
804 2146 901 2175 non
935 2127 1140 2182 sensum3
1174 2147 1199 2176 a
1224 2134 1375 2178 nervis
1405 2134 1549 2193 ligatis
1567 2132 1741 2180 sensum
1760 2168 1772 2187 ‚
1807 2151 1904 2181 non
1925 2138 2204 2193 irritabilita-

158 2207 263 2242 tem.
352 2195 483 2240 Hanc
521 2193 616 2238 vim
643 2193 712 2238 Cl.
742 2192 812 2239 vir
838 2205 970 2253 putat
1010 2194 1065 2238 ad
1098 2210 1255 2240 omnes
1290 2198 1491 2256 corporis
1531 2199 1736 2243 animalis
1778 2211 1923 2258 partes
1959 2202 2199 2260 pertinere.

156 2258 228 2305 Ab
254 2273 305 2303 ea
327 2257 375 2303 vi
401 2258 592 2302 calorem
617 2255 803 2302 derivat.
873 2255 962 2303 Etsi
985 2258 1181 2316 liquores
1213 2257 1484 2319 homogenei
1512 2263 1638 2307 nullo
1665 2278 1689 2307 a
1714 2274 1842 2308 motu
1869 2263 2201 2320 concalescunt,

157 2337 256 2367 eam
284 2323 423 2380 legem
454 2335 548 2364 non
585 2319 746 2364 debere
786 2319 842 2366 ad
875 2319 1201 2380 heterogen-eos
1247 2320 1460 2369 humores
1502 2323 1767 2379 transferri,
1806 2327 2064 2387 cujusmodi
2104 2328 2202 2375 san-

157 2386 258 2446 guis
284 2383 359 2429 est.
429 2384 613 2428 LAGHH
644 2382 828 2442 epistola
853 2384 888 2430 I.
912 2383 1077 2430 recusa.

286 2465 360 2525 EJ.
399 2462 460 2508 est
491 2461 800 2525 verhandeling
832 2481 920 2510 van
952 2464 1003 2510 de
1033 2481 1138 2527 zoog
1173 2467 1250 2513 de⁶r
1282 2483 1486 2515 vrouwen
1537 2471 1659 2519 Leid.
1683 2478 1817 2531 1764.
1848 2471 1928 2527 8.*
1979 2474 2202 2521 Anatome

96 2575 113 2581 „
156 2526 655 2640 {goguffiggffierorunu
724 2528 792 2574 Ab
816 2528 1118 2576 irritabilitate
1144 2531 1211 2578 lac
1239 2532 1448 2579 adfluere.
1518 2536 1620 2583 Viri
1645 2537 1875 2583 lacientes.
1945 2539 2031 2584 Lac
2056 2555 2080 2583 a
2110 2540 2203 2598 ple-

287 2675 361 2733 EJ.
403 2676 584 2731 Vertoog
609 2687 712 2717 over
735 2670 787 2716 de
810 2671 1047 2721 oorzaaken
1066 2674 1224 2723 welken
1254 2677 1306 2724 de
1329 2679 1644 2729 zenuwzielcten
1670 2685 1713 2727 in
1738 2698 1810 2728 ons
1832 2682 1937 2728 land
1956 2682 2203 2744 gemeender

158 2737 247 2784 dan
271 2734 455 2783 vorheen
478 2734 627 2780 mallen
661 2734 906 2782 Roterdam
931 2744 1065 2795 1768.
1097 2740 1174 2793 8,*
1210 2743 1392 2802 practici
1422 2745 1566 2804 magis
1595 2747 1863 2804 argumenti.

294 2814 426 2863 With.
458 2819 858 2863 OUDENAARDEN
893 2814 944 2863 de
958 2821 1189 2881 pervigilio
1205 2821 1314 2880 sano
1344 2822 1401 2879 ἓξ
1428 2824 1611 2883 morboso
1643 2825 1922 2883 Leid.1757.
1944 2839 1989 2885 4.

234 2958 242 2967 ι
293 2901 413 2943 Iman
444 2896 581 2951 Jacob
612 2914 700 2943 van
731 2897 812 2943 den
837 2899 931 2948 BOS
965 2899 1017 2947 de
1045 2906 1159 2948 vivis
1190 2901 1365 2950 humani
1400 2907 1584 2966 corporzk
1610 2904 1760 2964 solidis
1804 2907 1926 2953 Leid.
1948 2920 2070 2968 1757
2120 2909 2206 2971 4*

164 2960 336 3020 Utique
361 2961 568 3011 tendines
595 2963 638 3010 &
659 2962 962 3025 peritonaeum
983 2964 1179 3027 aliasque
1207 2980 1356 3029 partes
1385 2967 1515 3015 sensu
1537 2970 1705 3030 pollere
1729 2986 1742 3016 ε
1783 2985 1930 3032 neque
1966 2973 2019 3020 de
2056 2972 2207 3021 homi-

2148 3054 2207 3085 sse
