2531 3394
321 138 425 206 '420
607 125 612 164 ÷
707 125 846 192 21³3.
886 108 991 190 ἰχ
1070 119 1490 188 ΑΝΛΤΟΜΕε
1540 111 2001 188 Praetorio:

456 276 495 328 §-
529 271 750 326 MCLV.
819 271 1248 320 Dom.VANnm.1„1.
1314 264 1755 316 MichLAmn‘ewrx.
1829 267 2228 318 W.MAcnnv1m.

460 377 639 425 Omnes
678 373 918 425 adversarii
959 374 1061 421 mei.
1146 372 1277 419 Prior
1299 405 1314 425 ‚
1361 369 1494 419 valde
1535 382 1646 417 tunc
1690 369 1901 430 juvenis,
1947 387 2095 432 neque
2131 389 2188 420 ex
2223 384 2381 421 anato-

328 440 450 487 mico
476 442 575 488 ullo
606 457 740 502 opere
765 453 928 493 notus,
960 436 1157 497 asperam
1185 434 1358 494 scripsit
1381 434 1612 495 epistolam
1641 433 1692 479 de
1705 432 1979 492 sensibilitate
1999 440 2261 495 pericrnnii,
2295 455 2380 484 me-

328 503 479 558 dulia,
513 503 631 551 durae
658 507 887 564 meningis,
923 518 1077 549 cornea:
1105 498 1164 555 ἓξ
1184 499 1406 545 tendinum
1435 498 1609 544 Patavii
1630 504 1765 551 1756.
1792 500 1865 549 8.*
1933 498 2253 557 Experimenta
2269 499 2378 548 fecit

330 568 381 613 in
401 569 677 614 animalibus
697 602 709 621 ‚
746 564 820 612 sed
842 562 1099 626 pauciffima
1115 597 1127 616 ,
1165 562 1333 622 quibus
1366 562 1616 621 comperit,
1657 562 1707 606 in
1731 560 1950 620 periosteo
1966 595 1978 614 ‚
2012 560 2123 607 dura
2139 563 2376 625 meninge,

329 647 517 684 cornea,
552 630 839 682 tendinibus,
874 626 1051 674 sensum
1088 624 1183 673 effe.
1251 627 1415 671 Praeter
1442 625 1715 684 paucitatem
1753 625 2195 683 experimentorum,
2235 627 2378 674 etiam

327 692 450 741 ferro
478 695 695 741 candente
716 691 831 738 faeta
850 689 968 738 sunt.
1037 690 1218 736 Nervos
1250 699 1466 735 cutaneos
1495 687 1759 734 tendinibus
1791 688 1913 733 tibiae
1943 687 2121 734 tribuit.
2190 689 2245 734 In
2279 701 2379 736 ten-

330 757 516 804 dinibus
551 759 816 817 plerumque
845 771 903 801 ne
929 752 1021 814 ipse
1047 752 1231 813 quidem
1258 749 1434 797 sensum
1464 752 1642 810 reperit.
1711 752 1860 811 Negat
1881 751 2016 797 etiam
2040 753 2163 797 varia
2180 751 2231 797 in
2246 764 2378 800 motu

327 819 563 882 sanguinis
582 837 606 867 a
623 836 694 866 me
723 816 816 866 visa
849 818 1068 878 aliisque:
1128 814 1338 863 adfirmat
1369 815 1520 861 vincta
1555 814 1714 860 arteria
1739 827 1918 861 motum
1944 815 1994 860 in
2018 825 2118 861 artu
2151 816 2377 863 continuo

324 885 485 945 perire.
553 884 741 930 Barbara
764 881 916 928 dietio.

460 965 633 1026 EJUSD.
675 967 741 1010 De
768 962 972 1010 nonnullis
1000 960 1156 1020 insee‘hls
1179 958 1439 1021 terrestribus
1468 956 1527 1014 ἓξ
1555 956 1767 1019 zoophytz's
1793 961 1982 1013 marinis,
2021 957 2080 1016 ἓξ
2097 959 2150 1006 de
2167 965 2377 1007 vermium

327 1038 451 1076 terrae
475 1027 794 1090 reproduHione
813 1060 826 1080 ,
866 1024 924 1081 ἐξ
955 1025 1006 1072 de
1028 1030 1152 1071 taenia
1181 1026 1291 1071 canis
1334 1023 1506 1070 Patavii
1530 1029 1662 1080 1758.
1709 1020 1787 1075 8.*
1853 1025 2078 1069 Animalia
2108 1025 2158 1070 in
2185 1024 2375 1071 thermis

331 1099 404 1146 38.
438 1092 577 1152 gradu
613 1093 758 1151 (puto
781 1089 1120 1143 REAUMURII)
1151 1087 1401 1134 calentibus
1432 1088 1600 1137 vivere.
1667 1086 1861 1133 Mustela
1877 1089 2049 1133 marina
2065 1087 2376 1135 ventriculum

326 1154 477 1208 habet,
513 1156 554 1201 &
575 1154 858 1206 intestinum,
892 1151 1059 1199 viscera
1082 1153 1246 1212 aliqua,
1279 1150 1458 1210 propria
1479 1147 1583 1195 vasa
1605 1150 1644 1195 &c
1663 1147 1781 1196 fetus
1802 1148 2034 1197 formatos.
2105 1152 2256 1197 Solam
2279 1167 2377 1210 par-

326 1230 417 1264 tem
443 1217 702 1264 inferiorem
728 1217 938 1264 lumbrici
962 1215 1248 1275 regenerari,
1285 1229 1382 1259 non
1418 1212 1601 1271 perinde
1629 1210 1921 1273 superiorem.
2000 1214 2171 1262 Taeniae
2200 1215 2374 1262 caninae

325 1281 518 1329 interius
544 1279 777 1328 vasculum
804 1296 903 1327 cera
929 1279 1134 1339 replevit.
1205 1276 1437 1324 Lumbrici
1460 1288 1684 1322 anatome.
1833 1306 1839 1309 -
2316 1313 2319 1314 ⁷

452 1363 529 1424 EJ.
580 1365 649 1409 De
681 1361 852 1408 thermis
884 1365 981 1421 agri
1008 1363 1234 1412 Patavini,
1266 1375 1350 1405 acc.
1370 1358 1577 1418 *apologia
1611 1357 1815 1416 adverfits
1840 1359 2182 1406 HALLERUM
2221 1360 2345 1406 Padu

329 1431 464 1483 1761.
486 1427 562 1484 4*
630 1426 777 1471 Priori
803 1424 1021 1484 opusculo
1050 1423 1221 1470 accedit
1237 1421 1421 1482 epistola
1439 1420 1492 1467 de
1513 1420 1807 1475 holothurio,
1844 1438 1947 1467 cum
1964 1423 2114 1482 aliqua
2133 1435 2341 1470 anatome
2357 1441 2370 1468 ε

322 1488 370 1535 id
401 1490 579 1538 animal
599 1488 811 1535 intestina
837 1488 1025 1540 habere,
1060 1503 1156 1533 non
1186 1502 1295 1532 vero
1325 1501 1416 1531 cor.

450 1569 645 1628 Epistola
670 1570 783 1616 mihi
811 1567 1011 1629 opposita
1038 1566 1278 1629 asperrima
1317 1565 1403 1619 est,
1438 1577 1493 1613 ut
1525 1566 1660 1613 etiam
1686 1567 2035 1614 HAMBERGERI
2068 1568 2274 1614 convicia
2303 1583 2373 1614 re-

322 1631 427 1679 cusa
466 1633 554 1679 det.
640 1633 774 1679 Nihil
803 1650 910 1680 vero
941 1631 1079 1678 habet
1114 1631 1438 1691 experimenti,
1487 1629 1692 1689 mihique
1725 1632 1951 1688 imputat,
1999 1647 2099 1690 qua:
2132 1647 2371 1691 nunquam

321 1713 420 1742 mea
442 1694 644 1742 fuerunt.
715 1698 866 1743 Altera
899 1695 1083 1756 epistola
1107 1695 1247 1741 exstat
1276 1695 1323 1740 in
1349 1694 1532 1740 FABBRI
1564 1695 1758 1740 raccolta
1790 1694 1920 1740 T.11.
1990 1695 2209 1740 Continet
2239 1710 2371 1754 expe-

320 1760 515 1806 rimenta
544 1761 695 1819 aliqua
723 1761 774 1806 in
797 1759 1075 1819 pericranio,
1111 1757 1329 1818 periosteo
1355 1759 1396 1803 ἃ
1417 1758 1529 1804 dura
1556 1759 1767 1819 meninge
1794 1755 1942 1810 fae'tas
1992 1757 2046 1804 de
2075 1757 2157 1804 ista
2190 1759 2335 1804 aliena
2352 1791 2366 1812 ,

321 1822 516 1883 denique
540 1824 591 1869 in
612 1823 900 1876 tend’inibus‚
939 1824 1163 1869 contraria
1189 1821 1365 1867 nostris.

451 1906 624 1966 Epistola
651 1905 730 1950 111.
764 1905 813 1950 in
838 1903 1125 1966 supplemento
1152 1903 1463 1949 FABBRIANO.
1531 1901 1620 1947 Hic
1646 1918 1854 1948 corneam
1887 1903 2009 1948 oculi
2037 1902 2237 1949 unicam
2268 1901 2366 1949 sen*-

321 1967 407 2013 tire
431 1968 695 2021 contendit,
734 1968 986 2026 duramque
1009 1978 1194 2012 matrem
1212 2000 1225 2018 ,
1261 1967 1373 2011 adeo
1400 1982 1423 2011 a
1451 1981 1559 2011 vero
1586 1965 1784 2019 alienus,
1827 1978 1880 2012 ut
1909 1982 2004 2011 eam
2032 1967 2287 2028 meningem
2308 1967 2364 2013 ab

320 2031 512 2083 arteriis,
549 2047 645 2077 non
665 2031 718 2077 ab
745 2029 1063 2091 exspiratione,
1090 2028 1263 2076 sursum
1288 2029 1359 2089 agi
1385 2028 1557 2074 doceat.

449 2115 496 2165 J.
522 2110 736 2158 Michaelis
761 2114 1025 2159 LAMBERTl
1045 2144 1057 2164 ,
1094 2109 1339 2170 Chirurgi,
1373 2110 1527 2155 lettera
1547 2109 1592 2155 al
1619 2110 1660 2157 S.
1685 2106 1906 2157 BlANCHI
1933 2114 2056 2156 unita
2085 2127 2111 2156 a
2141 2110 2270 2171 quelle
2301 2110 2367 2158 di-

321 2175 444 2234 verse
471 2172 748 2235 oſjervazioni
765 2177 897 2237 fhpra
929 2176 969 2221 la
982 2173 1212 2235 Jenfihilitci
1239 2173 1309 2219 del
1324 2177 1571 2234 pericranio
1594 2190 1615 2218 e
1640 2173 1806 2219 tendini
1837 2173 1948 2234 degli
1975 2177 2136 2219 uomini
2168 2173 2364 2220 Aleffan-

319 2237 414 2283 dria
444 2244 577 2294 1756.
606 2242 679 2291 8.*
744 2239 965 2298 Qinque
990 2239 1294 2298 experimenta
1314 2236 1552 2296 producit,
1586 2248 1640 2282 ut
1669 2238 1873 2289 evincat,
1914 2235 1993 2282 effe
2023 2235 2153 2282 suum
2175 2238 2372 2296 periera-'

316 2302 397 2347 nio
424 2298 615 2352 sensum,
647 2318 779 2360 quem
804 2317 1040 2361 nunquam
1068 2316 1368 2361 negaveram3
1403 2311 1556 2345 tamen
1583 2312 1635 2345 ut
1658 2297 1748 2359 ipse
1774 2297 1983 2352 fateatur,
2013 2301 2063 2344 in
2089 2298 2198 2345 sano
2218 2299 2364 2347 homi-

316 2380 375 2409 ne
404 2380 500 2410 eam
533 2365 839 2410 membranam
872 2378 1029 2423 parum
1060 2362 1250 2416 sentire,
1285 2362 1610 2409 inflammatam
1644 2363 1817 2422 utique.
1885 2364 1956 2408 De
1976 2363 2088 2408 dura
2123 2376 2265 2409 matre
2287 2380 2363 2410 ex-

315 2429 568 2486 perimenta
597 2443 694 2472 non
725 2425 875 2473 habet.
960 2429 1029 2473 De
1063 2427 1326 2474 tendinibus
1362 2426 1472 2479 tria,
1510 2426 1675 2485 quibus
1703 2426 1910 2479 eosdem,
1947 2443 2062 2487 quos
2093 2427 2360 2487 perieranio‚

314 2490 481 2536 limites
511 2490 656 2550 ponit.
1513 2514 1517 2516 v

452 2575 513 2616 W
510 2569 577 2616 ilh,
597 2572 884 2617 MACNEVEN
901 2571 941 2615 &
958 2574 1050 2632 Ign.
1065 2570 1342 2618 RADNIZKY
1351 2570 1560 2632 specimen
1581 2575 1982 2631 experimentorum,
2006 2570 2149 2631 quibus
2164 2571 2360 2630 constitit,

314 2650 384 2680 eas
390 2645 538 2694 partes
541 2632 667 2693 sensu
680 2632 752 2694 effe
756 2632 985 2694 praeditas,
1019 2632 1168 2692 quihus
1182 2635 1450 2681 HALLERUS
1476 2651 1569 2680 cum
1591 2636 1682 2679 aliu
1710 2633 1953 2695 quibucdam
1978 2650 2136 2679 omnem
2141 2632 2361 2691 sentiendi

311 2697 560 2755 facultatem
573 2713 665 2743 cum
679 2695 977 2743 irritabilitate
989 2696 1168 2756 denegat
1185 2697 1296 2756 Prag
1315 2704 1448 2756 1756.
1467 2695 1548 2754 4.*
1574 2698 1677 2742 &in
1697 2697 1960 2743 collectione
1975 2697 2041 2742 Cl.
2055 2697 2359 2753 ΚιιΝΚολεΟΗ

318 2762 542 2817 1775,4.*
586 2757 722 2818 Asper
738 2758 940 2818 scriptor.
989 2759 1162 2804 Contra
1187 2775 1368 2804 omnem
1395 2760 1807 2818 experimentorum
1828 2758 1964 2804 fidem
1987 2756 2217 2810 adfirmat,
2241 2774 2359 2805 cere-

313 2821 447 2867 brum
461 2823 578 2868 inter
588 2822 899 2883 inspirandum
913 2833 1102 2868 tumere.
1169 2821 1399 2868 Tendines
1416 2821 1644 2868 distractos
1663 2821 1768 2882 (sed
1780 2837 1870 2867 una
1883 2837 1984 2866 cum
1998 2821 2134 2873 cute)
2152 2832 2232 2883 aut
2253 2838 2358 2869 cum

316 2895 418 2928 cute
430 2884 695 2943 perforatos,
713 2885 913 2932 dolorem
929 2883 1086 2931 facere.
1125 2884 1194 2930 Sic
1206 2883 1500 2942 aponevroses
1516 2881 1657 2930 affuso
1674 2897 1864 2935 veneno,
1885 2899 1986 2929 cum
2001 2883 2155 2930 incifio
2177 2883 2357 2931 sensu-m

313 2946 396 2996 ‘vix
415 2947 566 2999 cieret.
634 2950 765 2998 Duas
792 2947 872 2999 effe
895 2946 1105 3011 periostei
1134 2946 1357 3002 laminas3
1395 2963 1549 2996 earum
1580 2949 1849 2999 exteriorem
1871 2944 2053 2999 sentire.
2118 2945 2357 3060 Paffi1glfie

2295 3026 2354 3060 ns
