2531 3394
824 113 883 171 ἴς.
923 123 1039 164 1201
1074 141 1137 150 —-
1173 121 1308 174 1203.
1375 113 1423 162 V
1455 114 1495 163 A
1528 114 1572 163 R
1604 112 1695 165 11.
2199 129 2290 183 589

376 242 527 305 Josbph
555 244 793 292 GALTn-:R
827 245 880 291 de
898 246 1101 308 prognofi
1115 247 1281 293 medica
1309 263 1364 293 ex
1382 245 1829 307 necrologiiseruenda
1859 249 2036 309 Monsp.
2055 259 2188 310 1762.
2208 251 2289 311 4*

239 309 416 416 sMortes
444 306 672 354 infantum
700 325 845 371 nuper
865 323 1080 357 natorum
1104 311 1415 363 creberrimae,
1445 322 1503 355 ut
1529 309 1635 369 plus
1659 309 1848 356 dimidia
1874 327 1998 372 parte
2019 319 2139 364 intra
2165 333 2289 363 men-

261 387 329 417 em
353 384 559 418 mtereat.

793 458 830 507 §.
868 456 921 501 M
934 455 971 501 C
985 453 1142 501 CIII.
1246 453 1408 501 Dim-ia
1436 457 1541 501 anni
1573 457 1664 513 176
1669 466 1710 512 3.

369 551 424 597 In
455 549 762 613 Philosophical
802 549 1102 608 Transafft'ions
1140 551 1231 597 Vol.
1252 551 1371 597 LIII.
1400 548 1432 596 s.
1462 553 1770 598 commentariis
1803 555 1914 600 anni
1938 561 2073 612 1763.
2105 555 2194 604 huc
2224 557 2289 605 fa.

241 614 370 661 ciunt
395 617 568 675 aliqua,
607 630 659 661 ut
683 614 865 660 Andreae
888 618 1010 660 Petri
1032 614 1092 659 du
1114 615 1260 662 PONT
1288 612 1446 661 insecti
1477 617 1643 662 marini
1670 615 1938 679 descriptio,
1975 620 2099 679 quod
2130 637 2184 666 ex
2216 638 2288 682 ge-

238 693 345 724 nere
371 678 431 724 est
454 680 635 740 polypi,
672 679 860 738 ejusque
887 678 1190 738 multicipitis.
2108 681 2111 686 '

369 760 424 806 In
450 763 531 807 Sw.
555 764 672 807 Wet.
706 758 844 805 Acad.
868 758 1151 819 Handlingar
1180 759 1238 805 T.
1259 770 1335 818 24.
1376 760 1530 807 David
1548 762 1782 811 SCHULZE
1796 762 2014 812 describit
2038 763 2183 812 fetum
2203 764 2290 812 vis-

239 823 417 870 ceribus
442 824 634 884 pectoris
666 825 706 869 &
734 822 990 869 abdominis
1017 822 1169 869 nudis.

366 905 500 952 IDEM
530 904 580 951 in
601 905 655 951 T.
677 910 752 957 28.
782 903 836 950 de
863 901 960 949 fetu
989 920 1068 963 per
1092 920 1260 950 novem
1293 903 1467 952 menses
1488 906 1539 952 in
1562 918 1693 953 utero
1720 921 1916 957 retento.

365 987 422 1033 *In
457 986 598 1032 diario
633 986 827 1040 Journal
859 984 1161 1032 de—Medecine
1186 993 1322 1043 1763.
1350 987 1596 1034 T.XV111.
1628 987 1719 1034 huc
1757 988 1865 1037 facit
1897 988 2207 1040 BRISEBARRE
2245 997 2289 1041 δε

238 1053 541 1098 DUVOLL1ER
586 1049 640 1094 de
679 1049 858 1094 duobus
892 1047 1078 1095 fetubus
1115 1049 1285 1107 duplici
1322 1050 1537 1097 umbilico
1580 1054 1789 1099 connatis
1815 1089 1828 1108 ‚
1883 1056 2071 1114 pedibus
2106 1069 2289 1103 tantum

238 1115 408 1166 tribus,
444 1113 669 1160 intestinis
701 1112 1070 1166 confluentibus,
1107 1113 1244 1159 unica
1286 1111 1451 1173 absque
1491 1130 1579 1159 ano
1620 1116 1799 1176 vagina.
1867 1117 2051 1167 Viscera
2086 1120 2289 1167 abdomi-

236 1178 310 1224 nis
341 1178 550 1238 duplicia.

368 1260 620 1305 CHAMBRY
641 1257 693 1307 {la
719 1256 774 1303 de
795 1257 1032 1307 Bo-ULAYE
1067 1258 1214 1318 (puto
1238 1255 1353 1305 dela
1385 1258 1471 1315 Β.)
1514 1260 1682 1322 Ingens
1717 1258 1885 1309 offeum
1915 1276 2288 1313 concrementum

237 1323 286 1369 in
310 1322 417 1369 tuba
443 1323 599 1368 dextra
624 1318 819 1368 feminae.

363 1404 418 1449 In
448 1404 503 1450 T.
521 1404 655 1450 XIX.
686 1402 829 1465 Phihp
865 1415 1023 1450 contra
1056 1405 1238 1450 Antonii
1261 1405 1424 1452 Loms
1450 1403 1544 1453 diff.
1572 1406 1626 1453 de
1650 1404 1856 1453 suicidio.
1922 1408 1978 1454 In
2007 1407 2287 1471 strangulato

232 1467 420 1514 homine
448 1470 600 1527 pestus
639 1469 682 1514 &
718 1484 855 1514 venas
892 1466 1144 1528 superiores
1179 1466 1397 1530 sanguine
1429 1471 1609 1530 repleri.
1709 1472 1879 1518 Mortis
1909 1470 2088 1519 cau-sam
2121 1472 2202 1520 effe
2235 1476 2283 1520 in

228 1530 409 1578 defectu
437 1529 760 1592 respirationis.

361 1612 619 1674 Respondit
647 1613 707 1659 ib.
735 1614 794 1661 D.
818 1610 987 1661 LOUI'S.

364 1700 442 1744 Du
466 1696 609 1742 Foun
640 1695 775 1741 fetus
799 1701 903 1742 160.
931 1696 1121 1751 dierum,
1145 1695 1341 1745 stelione
1365 1696 1550 1745 caesarea
1571 1695 1788 1753 tamnus,
1818 1692 1893 1746 sed
1912 1701 2062 1747 vivus.

356 1781 590 1833 Memoires
607 1776 821 1837 presentes
847 1779 872 1823 A
900 1777 1071 1824 l'Aoad.
1096 1778 1167 1825 des
1192 1783 1348 1827 Scienc.
1373 1781 1427 1827 T.
1446 1781 1529 1827 IV.
1561 1782 1682 1828 Paris
1708 1788 1843 1837 1763.
1869 1780 1952 1841 4*
2018 1781 2089 1829 Ad
2125 1787 2282 1831 anate&

231 1854 351 1888 men.
418 1842 733 1887 MARRIGUES
760 1841 814 1886 de
840 1839 939 1888 fetu
956 1875 969 1894 ‚
998 1844 1074 1889 cui
1100 1846 1278 1890 nullum
1303 1860 1380 1890 cor
1397 1878 1410 1898 ,
1449 1861 1595 1905 neque
1616 1843 1717 1891 vasa
1741 1847 1924 1906 majora.

357 1923 721 1969 WILLIAMSON
749 1922 803 1968 de
822 1939 1048 1969 cornuum
1075 1925 1196 1971 cervi
1221 1924 1418 1986 delapsu,
1449 1943 1583 1986 quem
1609 1925 1839 1974 deficienti
1854 1926 2019 1973 tribuit
2041 1926 2277 1974 alimenm.

356 2005 713 2052 MARCORELLE
745 2003 799 2050 de
821 2002 1185 2066 hydrocephalo,
1220 2008 1271 2052 in
1293 2024 1385 2066 quo
1412 2006 1500 2054 offa
1526 2009 1866 2055 membranacea
1887 2007 2024 2055 facia.

358 2090 423 2133 La
440 2086 590 2134 Toua
612 2085 934 2144 experimenta,
966 2098 1021 2132 ut
1048 2085 1273 2140 definiret,
1305 2104 1418 2135 num
1448 2105 1543 2136 uno
1573 2089 1803 2138 videamus
1825 2092 1987 2144 oculo,
2026 2106 2140 2136 num
2167 2091 2282 2138 duo..

232 2153 336 2199 bus.
402 2149 696 2210 Negligenler
729 2147 898 2195 visuras
929 2161 1125 2211 utroque
1157 2168 1242 2198 nos
1266 2154 1401 2198 oculo
1427 2154 1522 2206 uti,
1557 2155 1696 2200 unico
1727 2154 1910 2214 quando
1943 2166 2163 2201 accurate.

356 2232 459 2277 Hoc
480 2245 602 2276 anno
627 2229 719 2276 duo
738 2246 859 2277 nova
877 2230 1039 2284 diaria.
1070 2229 1347 2292 potiffimum
1367 2235 1501 2280 etiam
1527 2234 1688 2281 medici
1707 2236 1987 2296 argumenti.
2013 2236 2193 2295 prodire
2211 2253 2281 2282 cez-

228 2306 424 2356 perun-t:
469 2293 670 2340 Medical
691 2293 906 2351 musaeum,
938 2297 1216 2356 conpilatio,
1257 2297 1307 2342 in
1346 2315 1434 2358 qua
1462 2300 1504 2344 &
1533 2299 1726 2346 HAENII
1755 2299 2021 2358 dffcultates
2049 2302 2242 2361 reperias
2261 2332 2275 2353 ,

225 2361 270 2406 ἃ
296 2357 467 2405 nostras
493 2356 780 2418 responsiones.

357 2440 414 2486 In
441 2438 570 2484 T.11.
600 2453 858 2497 anonymus
881 2439 1093 2486 ruborem
1119 2434 1351 2502 sanguinis
1379 2440 1435 2489 ab
1461 2456 1589 2490 acore
1618 2444 1806 2492 derivat.

358 2525 416 2567 D.
439 2520 877 2568 PetrusORTEscffl
906 2519 994 2566 hoc
1019 2523 1177 2568 eodem
1203 2540 1324 2570 anno
1353 2524 1560 2571 Venetiis
1582 2526 1776 2573 diarium
1795 2527 1913 2587 cepit
1932 2525 2074 2577 edere,
2111 2525 2158 2570 in
2182 2541 2276 2584 quo

223 2585 332 2633 vlibri
356 2583 538 2644 quidem
568 2580 882 2636 recensentur,
920 2586 1074 2631 multae
1107 2598 1261 2633 tamen
1295 2589 1429 2635 etiam
1462 2590 1710 2650 peculiares
1744 2592 2024 2637 medicorum
2056 2589 2276 2635 Italorum

227 2648 545 2696 adnotationes
568 2646 873 2705 reperiuntur.

354 2729 501 2789 Virgo
521 2739 599 2786 49.
626 2727 784 2773 diebus
809 2729 911 2774 alvo
930 2724 1081 2777 clausa
1100 2731 1228 2778 vixit.

354 2811 646 2880 POLLAROLJ
666 2842 679 2862 ‚
735 2808 833 2869 post
866 2807 997 2856 usum
1031 2812 1264 2860 internum
1304 2809 1573 2877 'hydr-argyri
1608 2810 1697 2864 hoc
1733 2809 1924 2863 fluidum
1957 2816 2192 2864 metallum
2223 2814 2274 2862 in

223 2889 342 2922 vena
367 2889 475 2919 cava
498 2884 678 2933 repent.

351 2952 509 3002 Infans
539 2968 644 3002 ante
667 2954 788 3003 diem
818 2955 964 3017 puber
994 2959 1034 3005 ὃς
1064 2958 1381 3008 menstruatus.

1206 3043 1241 3088 ,Ε
1263 3059 1284 3089 e
1319 3059 1341 3088 e
1362 3059 1383 3087 e
1422 3051 1444 3092 3
2161 3038 2274 3090 Vita
