2531 3394
251 137 347 184 214
577 179 582 182 ,
654 116 788 170 rm.
840 121 934 174 rx.
999 113 1415 178 ANATOMES
1465 110 1903 191 pancerio.

254 251 465 302 tendines
490 249 696 299 secutum
717 249 814 299 effe,
876 246 1151 296 Irritabilerfi
1179 256 1391 291 naturam
1415 260 1438 291 a
1467 242 1697 291 sentiente
1726 243 1957 293 diversam.
1980 244 2097 294 effe:
2151 260 2190 305 3.
2225 248 2317 296 Ad-

255 315 417 365 versus
440 317 497 363 R.
515 316 737 364 WHYTT
761 313 1050 374 objectiones.
1122 310 1260 369 Recte
1288 309 1470 369 quidem
1496 309 1775 368 dici,„partes
1796 324 1961 368 parum
1983 308 2160 359 senfiles
2180 310 2316 374 infig-
2377 353 2379 355 ,

253 382 378 428 niter
402 381 552 427 dolere
576 379 720 441 poffe,
756 378 787 425 fi
809 376 1095 424 inflammatae
1117 372 1290 420 fuerint
1304 392 1319 426 5
1371 373 1418 418 id
1441 386 1594 420 tamen
1623 372 1678 418 de
1705 372 1761 418 iis
1786 384 1964 419 tantum
1993 379 2141 422 valere
2161 411 2173 430 ‚
2209 392 2314 436 quae

256 446 448 506 exiguos
475 459 639 491 nervos
662 446 802 490 nactae
829 439 941 493 sint,
980 455 1075 485 non
1109 437 1163 484 de
1188 438 1268 491 iis,
1305 453 1406 497 quae
1445 439 1612 484 nullos.
1683 437 1838 497 Longe
1865 438 1995 483 aliter
2025 440 2215 486 eveniss'e
2242 442 2313 487 Cl.

228 509 514 557 rosum
539 509 593 554 de
621 508 727 568 opio
749 505 944 567 pericula
968 518 1103 563 quam
1128 503 1412 548 anTTu.
1450 530 1452 532 v
1477 514 1523 560 4.
1563 503 1617 547 ln
1640 501 1909 560 Franctscum
1930 503 2149 550 Lamnae
2170 502 2311 551 recus.

257 589 364 620 cum
393 586 506 635 oper.
532 575 681 618 minor.
708 570 813 617 T.1.
883 568 926 614 Is
953 568 1022 613 Cl.
1055 567 1127 612 vir
1156 566 1211 611 de
1241 563 1551 625 respirationis
1577 565 1628 612 in
1659 566 1892 610 cerebrum
1919 567 2198 613 movendum
2236 584 2316 628 po.

257 636 439 689 testate,
472 635 612 682 serius
639 634 693 679 ad
720 633 1004 679 Academiam
1035 627 1291 690 scripserat,
1330 638 1464 688 quam
1500 630 1802 680 HALLERU83
1845 627 1985 675 serius
2016 632 2150 676 etiam
2185 647 2316 691 expe-
2351 656 2355 661 .

257 702 458 748 rimenta
486 699 816 759 publicaverat,
854 699 896 743 ἃ
927 707 1080 742 tamen
1117 692 1320 739 nostrum
1362 708 1475 753 pene
1509 693 1645 753 plagii
1673 692 1949 752 postulabat,
1997 694 2128 753 quod,
2155 695 2280 754 prior
2302 721 2316 743 ‚
2355 699 2358 701 ’

260 777 315 811 ut
337 780 455 811 certe
482 761 573 822 ipse
596 760 679 807 fibi
707 759 828 807 testis
856 758 944 811 est,
981 758 1291 817 experimenta
1327 773 1482 817 capere
1519 755 1722 817 cepisset,
1762 773 1900 816 pauca
1928 773 2006 809 ea,
2049 759 2086 804 8<
2121 757 2318 818 quadru-

260 830 340 888 plo
366 829 719 873 HALLERIANIS
745 824 972 884 pauciora.
1041 822 1184 867 Erant
1205 821 1340 867 etiam
1362 820 1481 879 apud
1504 822 1794 867 HALLERUM
1815 820 2012 880 epistolae
2028 855 2042 873 ,
2075 837 2130 866 ex
2150 821 2317 881 quibus

267 890 455 942 constat,
480 889 554 934 Cl.
580 888 633 934 de
656 889 914 935 SAUVAGES
933 883 1254 946 GOttingensia
1271 886 1576 944 experimenta
1593 882 1799 943 aceepiffe
1815 918 1826 936 ‚
1861 883 2222 943 Monspelienses
2248 902 2319 931 ea-

262 955 364 999 dem
398 950 616 1013 repetiisse
640 985 652 1005 ‚
702 954 743 998 80
782 948 1090 1002 confirmasse,
1131 961 1257 1009 grato
1293 949 1474 1002 animo,
1523 964 1624 1008 quae
1657 949 1930 995 HALLERUS
1963 949 2019 994 ad
2049 964 2151 994 eum
2183 946 2318 1009 scrip-

259 1015 387 1064 filset.
456 1016 527 1063 Ad
543 1015 808 1073 Franciscum
823 1016 1051 1062 BOISsu-:R
1074 1012 1226 1059 noster
1248 1010 1482 1073 scripserat
1501 1012 1742 1059 Decembri
1765 1012 1834 1058 M.
1855 1024 1991 1070 1751.
2012 1012 2232 1074 Januario
2246 1013 2316 1061 M.

263 1092 399 1143 1752.
422 1080 479 1127 ad
498 1081 598 1126 ILL.
633 1078 684 1125 de
706 1080 985 1126 Rmnmua.
1970 1103 1973 1104 ν

391 1161 607 1222 Adversus
636 1161 738 1207 ILL.
776 1162 964 1206 Antonii
1005 1158 1057 1205 de
1084 1158 1236 1205 HAEN
1272 1156 1543 1215 difficultates
1582 1155 1833 1203 Lausannae
1866 1163 2000 1215 1761.
2041 1154 2119 1211 8.*
2164 1158 2319 1204 Bernae

266 1232 403 1284 1765.
431 1228 506 1280 8.*
574 1226 844 1272 Germanice
875 1224 1040 1284 Tiguri
1079 1229 1214 1280 1761.
1251 1222 1330 1275 8.*
1394 1222 1506 1268 Non
1535 1218 1615 1266 fibi
1654 1221 1961 1267 contradicere
1987 1222 2280 1280 HALLERUM
2303 1256 2318 1275 ,

264 1291 438 1336 arteriae
477 1301 616 1336 aortae
655 1302 872 1335 truncum
895 1321 907 1340 ‚
959 1303 1098 1333 venas
1137 1302 1268 1331 cavas
1308 1283 1558 1330 thoracicas
1594 1300 1775 1331 carneas
1806 1283 1940 1330 fibras
1975 1283 2164 1338 habere,
2220 1302 2320 1332 non

263 1353 327 1401 ita
352 1354 536 1401 arterias
557 1364 784 1412 venasque
815 1352 1030 1397 minores.
1099 1351 1211 1397 Non
1247 1349 1408 1395 debere
1447 1350 1755 1409 experimenta
1782 1346 1860 1394 sua
1890 1349 2139 1395 ratiociniis
2171 1349 2321 1411 impu-

263 1419 394 1480 gnari
419 1420 501 1467 &c.
568 1417 709 1464 Redit
731 1416 782 1462 in
808 1429 922 1478 oper.
949 1418 1105 1460 minor.
1135 1414 1193 1460 T.
1215 1414 1252 1460 Ι.

395 1503 464 1547 De
488 1499 615 1546 oculis
640 1497 816 1560 piscium
854 1500 1182 1544 commentarius
1213 1499 1257 1540 in
1283 1498 1418 1540 Me'm.
1452 1494 1507 1540 de
1535 1493 1710 1546 l'Acad.
1749 1493 1821 1540 des
1848 1497 2034 1541 Sciences
2069 1500 2204 1552 1762.
2231 1529 2244 1548 ,
2278 1497 2321 1542 &

265 1563 389 1612 Paris
419 1569 555 1621 1764.
580 1564 661 1621 4.*
708 1562 825 1608 &in
861 1574 973 1621 oper.
1006 1565 1108 1605 min.
1145 1559 1299 1606 T.111.
1368 1559 1649 1604 Membranae
1688 1559 1831 1605 oculis
1869 1557 2059 1618 piscium
2097 1560 2319 1619 propriae,

263 1625 517 1680 vasculosa‚
553 1628 681 1687 nigra
700 1644 714 1677 3
752 1623 982 1671 musculus
1015 1623 1244 1669 anulatis:
1283 1621 1442 1668 retinae
1474 1623 1651 1668 laminae
1680 1635 1796 1674 tres,
1830 1620 2044 1681 pulposa‚
2073 1620 2317 1676 vasculosa‚

266 1689 445 1739 fibrosa.
514 1691 708 1737 Maculae
729 1689 895 1748 nigrae,
928 1704 1029 1747 quae
1052 1686 1167 1732 nihil
1194 1685 1250 1731 ad
1274 1684 1580 1732 chorioideam
1604 1686 1805 1732 tunicam
1832 1687 2163 1732 transmittunt.
2231 1687 2325 1732 Va-

268 1755 315 1802 sa
341 1755 474 1814 vitrei
498 1754 700 1814 corporis
728 1753 997 1813 posteriora,
1037 1751 1286 1802 anteriora,
1319 1751 1510 1795 anulum
1543 1749 1767 1796 facientia.
1856 1750 2139 1809 Campanul‘a
2159 1784 2171 1803 ‚
2223 1766 2324 1810 quae

269 1822 437 1869 lentem
467 1816 712 1871 sustentat,
748 1816 915 1863 flabelli
945 1816 1101 1862 avium
1127 1813 1344 1860 hactenus
1372 1810 1540 1861 similis.
1619 1815 1787 1861 Mucus
1816 1814 1984 1860 lentem
2013 1812 2069 1859 ad
2101 1814 2325 1873 proceffus

271 1883 442 1931 ciliares
467 1880 668 1929 firmans.

399 1963 476 2010 Ad
485 1976 689 2024 nuperum
708 1962 762 2009 R.
780 1961 1046 2008 ‘WHYTTH
1051 1959 1263 2021 scriptum
1275 1959 1470 2022 apologia
1490 1958 1727 2006 Ebrodun.
1751 1965 1885 2017 1763.
1905 1957 1983 2013 8.*
2001 1958 2102 2006 ILL.
2117 1958 2326 2006 WHYT-

276 2040 412 2077 TIUM
428 2025 578 2073 secum
596 2025 756 2072 sentire
780 2026 834 2071 de
849 2024 979 2074 sensu
1001 2025 1241 2071 tendinum
1266 2022 1472 2070 obscuro.
1534 2024 1605 2069 De
1627 2024 1794 2083 pupilla
1818 2023 1941 2068 oculi
1963 2035 2125 2083 aperta,
2151 2023 2203 2068 de
2218 2039 2326 2068 con-

274 2093 407 2154 tinua
437 2091 745 2137 contraclione
779 2088 932 2135 vesicae
951 2123 963 2141 ‚
1014 2090 1187 2135 nullam
1219 2104 1299 2147 per
1326 2087 1650 2134 relaxationem
1678 2087 1940 2146 intercepta.
2023 2087 2134 2132 Non
2165 2086 2325 2132 debere

273 2154 548 2206 animalibus
570 2153 798 2200 cerebrum
825 2153 995 2204 tribui,
1030 2153 1078 2197 in
1099 2152 1264 2211 quibus
1291 2153 1471 2198 nullum
1495 2149 1628 2210 poffit
1655 2149 1966 2195 demonstrari.
2048 2150 2258 2196 Omnino
2280 2147 2326 2196 se

275 2220 370 2265 vim
407 2217 714 2264 contra-stilem
747 2232 875 2264 vcnae
919 2232 1038 2263 cavae
1072 2214 1280 2263 docuisse.
1349 2216 1462 2263 Non
1496 2231 1679 2260 omnem
1720 2226 1899 2259 motum
1929 2213 1983 2259 ab
2019 2215 2170 2261 anima
2203 2212 2284 2260 effe
2309 2247 2325 2268 ,

278 2294 358 2330 aut
385 2298 410 2328 a
438 2282 587 2329 DEO.

408 2367 477 2409 De
504 2361 672 2408 cerebro
696 2366 841 2408 avium
867 2359 926 2417 89⁹
946 2359 1442 2423 pifhiumfadnotationes
1474 2361 1766 2408 Haarlemum
1797 2357 1932 2405 miffae
1959 2374 2082 2405 anno
2111 2364 2246 2417 1766.
2276 2360 2328 2406 in

287 2425 643 2487 Verbandelingen
667 2443 756 2471 van
782 2425 833 2470 de
853 2426 1094 2475 Hollandze
1107 2423 1357 2487 gezellsclmp
1383 2429 1498 2471 Tom.
1519 2425 1579 2470 X.
1615 2425 1829 2469 Haarlem
1852 2430 1986 2481 1768.
2003 2427 2076 2476 8‚*
2107 2424 2266 2470 Latine
2283 2423 2328 2467 &

280 2492 490 2551 Belgice3
526 2487 691 2536 recusae
729 2490 777 2534 in
801 2502 912 2549 oper.
941 2494 1093 2535 minor.
1126 2490 1180 2535 T.
1203 2489 1285 2534 111.
1355 2489 1528 2534 Avibus
1559 2486 1806 2547 majoribus
1840 2488 2074 2532 cerebrum
2105 2501 2326 2545 parvum,

281 2555 455 2615 magnis
482 2554 627 2599 multo
651 2553 802 2598 minus
825 2570 836 2597 ι
877 2553 1146 2598 cerebellum
1172 2568 1377 2612 parvum.
1442 2550 1651 2598 Thalami
1681 2566 1929 2596 nervorum
1957 2552 2210 2609 opticorum
2236 2564 2327 2594 ma-

282 2619 420 2670 ximi,
457 2618 681 2663 acerebro
709 2615 899 2668 remoti,
931 2616 1059 2666 cavi;
1104 2618 1203 2674 plus
1236 2615 1438 2668 corticis,
1475 2615 1574 2675 gyri
1598 2615 1738 2666 nulli,
1776 2616 1955 2659 nullum
1993 2628 2155 2672 corpus
2192 2612 2327 2657 callo-

281 2679 406 2734 sum,
444 2692 572 2726 nates
596 2679 815 2739 testesque
838 2679 954 2724 nulli
986 2681 1026 2725 &
1051 2679 1264 2739 glandula
1283 2679 1498 2738 pinealis,
1530 2679 1710 2725 valvula
1734 2692 1926 2740 magna3
1961 2675 2142 2722 vermis.
2203 2679 2206 2681 ’

410 2760 608 2807 Piscibus
632 2762 863 2807 cerebrum
895 2775 1084 2820 parvum
1107 2793 1119 2812 ‚
1156 2760 1346 2819 longum
1366 2788 1377 2806 ,
1415 2757 1688 2819 depreffum,
1726 2759 1816 2805 levi
1848 2755 1972 2803 sulco
2005 2753 2225 2808 divisum,
2254 2766 2330 2801 tu-

284 2824 464 2870 bercula
485 2823 711 2881 superiora
725 2822 958 2870 olfactoria
978 2823 1099 2874 bina,
1132 2822 1222 2868 duo
1239 2821 1444 2875 thalami,
1481 2823 1748 2869 cerebellum
1759 2820 1979 2867 ansatum.
2047 2820 2102 2866 In
2119 2818 2330 2865 thala-mis

284 2886 502 2948 posterius
529 2888 762 2935 tubercula
786 2887 1031 2933 recondita.
1118 2883 1427 2931 Commissurae
1447 2887 1615 2932 dextrae
1636 2888 1677 2932 &
1703 2884 1885 2932 sinistrae
1908 2885 2133 2930 columnae
2152 2885 2324 2928 multae.

285 2949 496 2999 Thalami
521 2952 660 3013 optici
684 2954 807 3007 cavi,
842 2950 999 3002 striati.
1066 2949 1364 2998 Ventriculus
1408 2961 1594 3012 quartus
1624 2965 1727 2998 cum
1765 2963 1891 3010 aquae
1925 2947 2079 2995 ductu.
2147 2944 2330 3056 Infegne

2267 3024 2327 3056 uo
