2531 3394
315 158 404 208 542
707 149 841 194 LIB.
891 147 985 193 ιχ.
1050 136 1459 199 ANATOMES
1508 131 1948 185 PERFECTIO.

448 278 505 325 T.
528 278 589 324 X.
626 282 761 335 1765.
787 276 863 330 83*
910 274 1084 320 Iterum
1114 271 1163 318 in
1190 286 1275 317 me.
1344 269 1438 315 Cor
1463 281 1701 326 nunquam
1731 261 1866 313 inane
1891 265 1987 314 effe.
2055 266 2264 314 Pleuram
2294 266 2360 314 tass
2424 324 2427 327 Δ

316 357 423 389 men
447 341 769 388 inflammatam
800 340 941 390 vidit,
976 352 1122 396 neque
1149 334 1251 381 ideo
1280 344 1483 380 exortam
1511 329 1814 391 pleuritidem.

294 466 299 472 .
445 423 501 470 T.
522 424 608 470 XI.
647 429 780 482 1767,
816 419 894 475 8.*
943 422 998 467 In
1019 416 1186 477 frigore
1212 413 1362 461 febrili
1390 426 1541 460 tamen
1574 412 1697 458 calor
1718 409 2113 459 thermometricus
2138 428 2242 460 vere
2272 411 2363 458 fuit

319 499 424 534 101.
450 487 692 548 graduum⁴
775 486 909 531 Calor
946 481 1148 528 summus
1181 478 1317 525 febris
1354 475 1700 524 intermittentis
1736 472 1825 520 fuit
1866 480 1970 527 108.
1998 486 2063 537 gr.
2153 477 2209 523 In
2239 478 2364 536 pleu-

315 551 451 597 ritide
482 550 626 598 crusta
653 561 759 596 nata
786 547 873 593 five
901 545 1100 592 celeriter
1127 542 1308 604 sanguis
1331 541 1518 593 flueret,
1552 538 1641 586 five
1663 541 1782 585 lente
1804 537 2001 587 stillaret.
2073 539 2295 593 Volvuli‚
2321 541 2364 586 δι

313 613 424 661 fitus
460 614 780 661 intestinorum
805 612 978 657 mutati.

445 697 500 742 T.
517 696 626 741 XII.
662 700 791 752 1768.
819 690 898 744 8.*
947 692 1120 737 Iterum
1143 703 1240 733 non
1258 684 1431 746 semper
1457 687 1507 732 in
1534 684 1684 731 eadem
1717 684 1894 731 ratione
1921 683 2074 744 pulsus
2101 682 2182 730 effe
2213 685 2366 731 celeri-

313 770 455 806 tatem
488 761 528 805 &
551 759 756 804 calorem.
825 753 937 802 Fuse
967 765 1128 800 contra
1152 767 1298 796 novos
1327 748 1482 809 pulsus
1507 747 1724 809 Theophili
1746 748 1798 793 de
1818 749 2048 795 BORDEU.
2116 749 2278 808 Neque
2298 750 2368 794 in-

314 823 498 869 eiduum
528 837 732 880 unquam
767 819 910 871 vidit,
950 832 1097 877 neque
1124 816 1364 866 criticum,
1412 828 1559 872 neque
1595 810 1750 870 pulsus
1792 828 1940 858 novos
1976 813 2079 858 illos
2115 810 2360 859 viscerales.

313 887 439 933 Finis
470 886 561 931 litis
599 884 653 929 de
683 882 1005 929 irritabilitate.
1091 878 1310 925 Admittit
1342 876 1539 923 nostram
1581 874 1762 921 dudum
1803 876 1986 934 quidem
2027 878 2261 935 repetitam
2299 876 2366 923 di-

313 949 600 995 stincftionem
627 945 777 992 sensus
804 960 1049 992 nervorum
1075 955 1198 989 trans
1225 941 1433 987 tendines
1461 939 1697 993 euntium,
1734 954 1832 984 non
1860 939 2036 985 tendini
2055 933 2361 1000 propriorum,

313 1013 393 1074 qui
425 1013 584 1072 utique
611 1008 818 1056 sentiant.
889 1010 942 1056 Se
964 1008 1017 1053 de
1041 1005 1301 1067 pathologia
1323 1002 1415 1050 sola
1439 1001 1618 1049 curasse.

443 1094 497 1140 T.
514 1092 644 1138 XIII.
688 1096 824 1149 1769.
849 1088 928 1143 8‚*
964 1089 1181 1135 Cibotum
1203 1087 1454 1133 co&i0nem
1476 1101 1571 1130 non
1594 1081 1674 1130 effe
1701 1058 2123 1130 afermeiitationess''
2173 1084 2364 1130 Glutine

312 1159 473 1216 utique
506 1155 665 1202 fibram
692 1154 938 1201 humanam
964 1152 1192 1212 compingi
1214 1184 1227 1204 ,
1272 1165 1370 1195 non
1393 1147 1488 1195 solo
1516 1155 1629 1194 aere.
1702 1145 1987 1195 Difficillime
2018 1145 2268 1194 submersos
2294 1146 2365 1194 su-

311 1219 476 1268 scitari.

381 1300 383 1303 ’
445 1303 502 1348 T.
517 1301 648 1348 XIV.
689 1311 824 1359 1770.
854 1296 931 1352 8.*
964 1299 1033 1344 De
1053 1294 1183 1342 sensu
1208 1294 1590 1341 membranarum.
1658 1291 1779 1339 Poffe
1806 1294 1983 1339 nullum
2005 1293 2231 1354 adparere,
2257 1293 2368 1341 dum
2399 1299 2405 1307 ¹

311 1365 463 1413 subito
501 1363 766 1411 dissecantur
785 1398 797 1415 ,
847 1365 888 1409 &
914 1374 1067 1408 tamen
1095 1360 1244 1406 dolere
1273 1359 1447 1405 easdem
1464 1391 1476 1410 ,
1529 1357 1711 1416 quando
1736 1358 1856 1402 lente
1881 1357 2165 1405 dividuntur.
2255 1358 2368 1404 Dari

310 1430 395 1476 ubi
421 1429 690 1475 membranae
715 1425 881 1486 absque
919 1426 1074 1471 dolore
1105 1423 1464 1472 inflammentur.
1552 1419 1674 1467 Poffe
1701 1421 1908 1467 tendines
1938 1421 1996 1467 ob
2027 1422 2204 1468 vicinos
2224 1438 2366 1469 nevos

313 1492 495 1545 dolore,
535 1490 653 1552 poffe
681 1507 845 1537 nervos
873 1487 1051 1535 sensum
1076 1489 1296 1534 amittere.

441 1573 619 1620 T.XV.
656 1583 792 1629 1773.
824 1569 898 1624 8.*
938 1570 1031 1616 Vix
1054 1584 1254 1628 unquam
1282 1568 1331 1613 in
1355 1564 1636 1613 nosodochio
1663 1566 1817 1626 potuit
1844 1564 2094 1612 submersos
2116 1566 2364 1614 restituere.

310 1640 471 1686 Motus
501 1637 663 1695 utique
694 1636 869 1694 aliquos
905 1633 1227 1692 extorquebat,
1258 1629 1334 1676 sed
1362 1630 1677 1676 moriebantur
1707 1629 1910 1676 convulsi
1943 1642 2021 1676 aut
2043 1643 2160 1676 certe
2186 1633 2365 1691 perstore

311 1702 607 1749 inflammato.
675 1697 904 1745 Infantem
931 1697 1066 1743 modo
1090 1707 1247 1742 natum
1278 1694 1439 1753 utique
1462 1693 1659 1740 restituit
1678 1694 1836 1740 inflato
1863 1701 1975 1740 aere.
2043 1695 2096 1740 In
2120 1711 2228 1740 cane
2255 1696 2365 1741 vivo

311 1762 539 1811 submerso
564 1761 720 1825 spuma
753 1762 803 1809 in
830 1760 981 1824 aspera
1012 1772 1152 1807 matre
1178 1757 1279 1806 fuit.
1349 1759 1420 1806 Sic
1450 1758 1500 1803 in
1524 1770 1709 1804 mortuo
1739 1756 1967 1804 submerso
1997 1774 2332 1818 nonnunquam
2350 1790 2367 1811 ,

313 1830 419 1876 alias
453 1827 590 1875 secus.

437 1911 629 1957 Rationis
650 1909 842 1957 medendi
863 1913 1115 1957 continuata
1142 1908 1198 1954 T.
1218 1907 1254 1953 Ι.
1283 1906 1330 1953 Ρ.
1356 1907 1494 1952 altera
1532 1905 1583 1951 de
1616 1903 1906 1963 resitscitanda
1939 1908 2038 1950 vitu
2058 1904 2367 1963 fhffi2c11tm·um

319 1987 453 2033 1771.
474 1981 513 2028 8.
554 1976 594 2020 &
618 1975 887 2020 Germanice
921 1985 1052 2030 1772.
1072 1976 1148 2025 82*
1215 1973 1365 2018 Multa
1396 1970 1701 2030 experimenta
1719 2003 1731 2022 ‚
1767 1969 1815 2014 in
1842 1968 2006 2026 quibus
2032 1966 2243 2014 submersi
2269 1983 2367 2013 non

313 2049 565 2100 potuerunt
594 2039 808 2085 revocari.
880 2038 1048 2097 Utique
1077 2034 1234 2096 spuma
1260 2035 1309 2079 in
1339 2036 1571 2093 pulmone.
1639 2034 1768 2079 Mors
1799 2032 1854 2077 ab
1883 2032 2103 2091 impedito
2133 2030 2366 2092 sanguinis

311 2119 390 2163 per
421 2103 685 2162 pulmonem
718 2099 920 2148 transitu.
988 2100 1182 2147 Nummi
1206 2098 1415 2158 deglutiti
1441 2096 1538 2157 post
1562 2095 1677 2143 duos
1701 2094 1872 2142 menses
1902 2094 2048 2155 egesti.

443 2183 499 2229 In
537 2186 853 2229 continuatione
873 2183 932 2229 II.
965 2182 1142 2228 rationis
1179 2179 1372 2226 medendi
1415 2180 1567 2224 Wien
1594 2190 1727 2235 1774.
1751 2175 1836 2230 8.*
1864 2178 2007 2222 multa
2042 2174 2150 2222 sunt
2181 2175 2235 2222 ad
2268 2192 2366 2235 pra-

314 2247 472 2293 &icam
498 2257 739 2292 anatomen
761 2280 773 2298 ,
823 2248 864 2292 &
902 2246 955 2291 ad
994 2245 1205 2292 fabricam
1239 2243 1439 2302 corporis
1470 2242 1759 2302 pertinentia.
1837 2241 1984 2286 Renes
2011 2240 2176 2285 coaliti.
2244 2241 2366 2286 Con-

313 2310 565 2357 volutiores
593 2308 792 2354 intestini
816 2310 905 2354 ilei.
975 2310 1122 2355 Renes
1145 2307 1361 2354 connati:
1399 2321 1570 2351 errores
1596 2303 1798 2350 intestini
1822 2305 1910 2350 coli
1936 2303 2074 2355 varii,
2116 2304 2240 2348 mirae
2266 2303 2365 2362 ejus

314 2373 618 2420 dilatationes.
688 2373 725 2417 A
751 2373 989 2418 ventriculi
1018 2383 1141 2432 parte
1180 2370 1326 2416 media
1367 2371 1596 2415 contracta
1625 2368 1825 2413 vomitus
1858 2379 2116 2427 perpetuus.
2183 2368 2364 2412 Ductus

314 2435 658 2497 hepaticysticos
694 2435 762 2480 vir
792 2435 888 2481 111„
919 2451 1021 2480 vere
1054 2434 1096 2480 se
1127 2433 1280 2481 vidiffe
1313 2445 1458 2493 putat.
1541 2433 1723 2478 Renum
1762 2432 1873 2476 alter
1900 2447 1977 2490 per
2015 2428 2362 2490 diaphragmatis

315 2500 493 2547 hiatum
525 2500 575 2545 in
604 2498 796 2558 pectoris
826 2514 1005 2544 caveam
1034 2497 1349 2548 adscenderat,
1390 2509 1444 2542 ut
1463 2511 1564 2542 cum
1594 2497 1809 2554 pulmone
1835 2492 2042 2540 ulceroso*
2061 2491 2361 2539 conferveret.

442 2582 496 2627 In
532 2578 698 2638 thefibus
728 2577 999 2639 patliologicb's
1038 2578 1088 2623 de
1113 2575 1476 2624 haernorrhoidibm
1518 2577 1671 2623 Wien
1696 2587 1831 2635 1759.
1863 2573 1941 2629 8.*
1976 2573 2080 2623 vasa
2111 2574 2243 2620 etiarn
2271 2570 2361 2620 hae-

313 2644 602 2692 morrhoidea
626 2659 682 2690 ex
700 2644 1021 2699 WlegLOWO
1053 2640 1385 2688 describuntur.

916 2777 954 2827 §.
989 2772 1042 2818 M
1055 2771 1093 2817 C
1106 2772 1141 2817 L
1151 2771 1198 2817 X
1211 2772 1258 2817 X
1270 2771 1308 2817 I.
1408 2770 1745 2831 Disputationes.

443 2908 489 2957 J.
526 2904 643 2951 Fricl.
674 2902 806 2952 Wilh.
835 2904 966 2950 DIEZ
1000 2901 1052 2948 de
1074 2913 1309 2961 temporum
1337 2903 1381 2946 in
1402 2899 1672 2960 graviditate
1698 2896 1757 2953 ἓξ
1783 2907 1925 2958 partu
1956 2897 2214 2957 ‘estimatione
2246 2898 2362 2944 Prae-

314 2965 404 3015 fide
433 2967 503 3015 CI,
530 2969 818 3018 RoEoEREa
850 2967 1062 3028 Gotting,
1087 2976 1227 3026 1757,
1254 2966 1331 3024 4*
1397 2965 1593 3013 Sollicite
1624 2961 1901 3023 inquirendo
1927 2961 2123 3016 invenit,
2155 2962 2205 3009 in
2227 2959 2362 3008 sensu

2250 3039 2360 3073 con.-
