2531 3394
1058 49 1067 74 .

846 155 882 205 §.
922 157 1028 212 874·
1094 153 1142 199 B.
1181 153 1223 202 s.
1259 150 1604 199 ALBINUs.
2065 150 2067 153 ’
2153 167 2247 218 127

191 281 300 330 faeti
326 279 459 333 sunt,
493 290 572 327 aut
601 280 867 342 plerumque
891 281 946 328 ab
970 277 1073 340 ipsis
1097 276 1311 324 musculis
1338 275 1586 324 nascuntur
1616 276 1806 326 sollicite
1833 283 2052 343 expreffit.
2121 284 2242 334 Offi-
2265 333 2272 338 ,

193 347 279 393 bus
311 346 432 405 carpi
462 361 583 391 nova
609 346 794 390 nomina
827 343 1056 405 imposuit.
1125 341 1502 388 Articulationem
1540 342 1733 388 maxillae
1764 343 1990 394 inferioris
2013 348 2237 406 definivit.

192 427 294 471 quae
319 411 478 469 utique
508 410 648 470 magis
676 408 737 454 est
768 409 824 454 ad
854 407 1168 462 tuberculum,
1207 406 1263 451 ad
1294 404 1538 465 subjedtam
1567 404 1747 452 foveam
1775 408 1941 456 minus.

323 494 514 552 Historia
539 489 821 550 masculorum
847 487 1019 535 homini<
1053 487 1175 534 Leid.
1197 498 1332 545 1734.
1354 485 1435 545 4.*
1502 488 1683 534 Solebat
1701 487 1841 542 horis,
1874 507 1984 550 quas
2009 490 2086 539 fibi
2109 512 2133 541 a
2154 496 2240 544 stu.

194 553 422 602 diosorum
454 556 678 615 juvenum
706 550 1231 599 institutione'servabat
1262 553 1447 605 liberas,
1482 568 1646 612 magna
1671 568 1773 598 cum
1803 569 1907 599 cura
1935 555 2241 606 musculorum

193 617 478 680 potiffimum
501 620 551 665 in
581 616 668 664 offa
698 615 932 664 insitiones
970 616 1148 668 metiri,
1191 613 1464 667 describere,
1507 617 1640 662 etiam
1671 616 1721 662 in
1752 615 1844 676 ipsa
1867 616 1955 663 offa
1983 619 2126 678 stygio
2164 623 2242 668 ali-

190 700 285 743 quo
319 685 493 743 liquore
532 683 726 728 inurere.
817 681 916 726 Hos
945 678 1172 725 musculos
1209 695 1234 724 a
1263 676 1525 738 peritiffimo
1562 678 1734 726 artifice
1771 680 1956 727 curabat
1995 683 2241 731 delineari:

193 748 482 807 comparabat
503 746 736 795 VES'ALu,
772 744 1053 790 EUSTACHH
1089 745 1130 789 ἃ
1153 741 1244 788 fere
1270 743 1471 802 priorum
1497 741 1767 803 scriptorum
1789 745 1942 791 icones
1963 747 2003 791 &
2023 745 2241 795 historias.

194 813 447 859 Pleniorem
482 824 586 869 ergo
613 810 746 868 longe
771 823 905 867 quarn
932 808 1102 866 priores
1129 823 1312 868 omnes,
1357 808 1399 853 ἃ
1427 823 1563 866 quam
1591 806 1681 867 ipse
1709 824 1855 867 nuper
1882 810 2241 864 XWINSLOWUS,

193 874 501 922 musculorum
527 871 759 917 historiam
795 870 945 923 dedit,
976 884 1028 917 ut
1050 871 1241 930 quisque
1269 868 1498 916 musculus
1525 871 1705 916 abunde
1731 870 2003 932 descriptus,
2041 875 2242 921 ludentis

194 951 369 986 naturae
393 939 629 984 varietates
655 936 908 988 adnotatae,
956 934 1148 981 musculi
1176 934 1328 980 minus
1366 936 1570 994 perpetui
1599 933 1787 981 sollicite
1828 937 2062 990 adnotati,
2102 937 2247 985 bursae

195 1000 385 1062 adiposae
416 998 628 1046 musculis
672 1012 751 1045 aut
776 999 1040 1045 tendinibus
1065 997 1302 1059 subjectae,
1354 1000 1396 1045 &
1423 997 1721 1059 aponevroses
1755 997 1845 1046 suis
1883 1001 1995 1047 locis
2024 1001 2243 1056 recensae,

194 1066 436 1112 nominum
466 1064 586 1124 apud
613 1065 762 1109 varios
790 1065 995 1109 auitores
1014 1064 1152 1123 pinax
1171 1062 1350 1108 additus
1378 1061 1444 1108 fit.
1513 1064 1730 1110 Minimas
1756 1064 1928 1124 aliquas
1953 1081 2107 1111 carnes
2128 1067 2248 1113 SAN—

197 1143 387 1176 TORINl
406 1163 418 1181 ,
455 1125 737 1188 potiffimum
761 1128 811 1172 in
833 1125 945 1172 facie
966 1129 1007 1173 &
1031 1129 1214 1187 larynge
1244 1124 1424 1178 omisit3
1471 1125 1716 1188 pharyngis
1742 1127 1972 1175 musculos
1995 1131 2044 1175 in
2064 1131 2248 1189 paucio-

194 1209 264 1240 res
308 1193 572 1238 contraxit:
630 1189 858 1236 musculos
896 1207 974 1250 per
1012 1193 1220 1251 regiones
1255 1192 1298 1236 &
1332 1190 1464 1236 strata
1495 1189 1714 1250 disposuit
1742 1221 1751 1238 ‚
1799 1188 1983 1239 effetfhis
2028 1194 2249 1254 cujusque

196 1255 374 1302 seorsim
406 1256 597 1307 docuit3
641 1253 954 1314 interspinales
986 1255 1035 1300 in
1062 1267 1159 1300 tota
1193 1253 1301 1299 serie
1328 1254 1641 1300 vertebrarum
1660 1256 1973 1309 continuavit,
2008 1255 2076 1304 ‘fic
2108 1259 2250 1304 inter-

198 1317 573 1372 transversarios,
623 1319 672 1365 in
710 1320 828 1364 collo
865 1319 997 1364 etiam
1030 1319 1256 1378 duplices:
1307 1316 1505 1364 scalenos
1540 1319 1742 1378 quinque
1774 1319 1980 1367 distinxit
1999 1339 2013 1374 3
2061 1322 2250 1368 nomina

194 1382 349 1445 passim
379 1381 656 1429 reformavit.
727 1381 1183 1443 Chondroglofl'um,
1216 1384 1257 1428 &
1286 1381 1703 1429 clidomastoideum
1732 1383 1968 1437 distinxit,
2025 1387 2066 1432 &
2104 1398 2251 1432 trans-

192 1445 372 1494 versum
390 1446 586 1493 urethrae
606 1448 815 1493 alterum.
884 1447 1246 1507 Deglutitionem
1273 1447 1527 1492 accuratius
1546 1446 1754 1507 exposuit
1773 1483 1783 1492 .
1827 1449 1869 1494 &
1895 1447 2250 1505 descensumfsu-

193 1511 423 1572 periorum
443 1512 640 1571 partium
665 1509 864 1557 saucium
887 1527 990 1557 cum
1015 1510 1334 1557 constrictione
1360 1509 1645 1556 inferiorum.
1702 1512 1862 1558 Icones
1886 1513 2073 1572 grandes
2094 1517 2134 1559 ὃς
2152 1529 2250 1573 per-

193 1574 404 1636 pulchras
423 1573 731 1621 musculorum
759 1591 920 1621 manus
939 1575 1091 1626 dedit,
1129 1575 1259 1635 cujus
1286 1573 1515 1621 musculos
1537 1576 1721 1628 melius,
1754 1592 1889 1636 quam
1906 1577 2248 1626 WINSLOWUS

197 1641 239 1686 Sc
264 1638 470 1685 distinxit
492 1641 534 1686 ἃ
562 1640 833 1685 nominavit.
902 1641 972 1685 De
1000 1637 1204 1686 musculo
1229 1640 1361 1685 etiarn
1392 1639 1442 1684 in
1469 1655 1628 1699 genere
1650 1640 1755 1699 egit.

326 1722 399 1782 EJ.
447 1725 515 1767 De
543 1722 713 1767 arteria
738 1719 797 1776 ἐξ)
824 1722 937 1766 venis
959 1723 1247 1781 intestinorum
1275 1718 1453 1767 hominis
1488 1720 1610 1766 Leid.
1632 1732 1765 1778 1737.
1792 1721 1868 1779 4*
1910 1739 2013 1768 cum
2039 1721 2250 1770 iconibus

195 1802 221 1832 a
253 1784 295 1845 J.
335 1787 690 1833 L’ADMIRALIO
730 1786 849 1831 vivis
888 1786 1119 1831 coloribus
1165 1785 1308 1844 pinis.
1395 1784 1721 1832 Intestinorum
1754 1785 2037 1832 membranas
2068 1787 2252 1833 noviter

196 1848 406 1896 describit
432 1869 444 1901 ;
490 1847 619 1901 vasa,
657 1866 757 1909 quae
783 1850 856 1895 RU
870 1863 1075 1896 YSCHIUS
1107 1847 1291 1895 confuse
1318 1848 1635 1901 delineaverat‚
1662 1848 1716 1894 ad
1742 1846 1841 1895 suas
1860 1852 2035 1896 tunicas
2060 1850 2249 1897 reducit.

323 1931 398 1992 EJ.
441 1929 690 1992 Dissertatio
707 1931 895 1990 secunda
926 1931 979 1977 de
994 1931 1092 1989 sede
1122 1929 1181 1986 ἓξ
1206 1932 1331 1991 causa
1360 1931 1511 1977 coloris
1538 1929 1793 1991 Aethiopum
1826 1929 1884 1986 ἓξ
1915 1942 2159 1978 caeterorum
2179 1930 2251 1979 lyo-

194 1999 357 2041 minum
393 1995 671 2053 Leid.1737.
698 1995 779 2053 4*
846 1994 1070 2041 Describit
1098 1997 1338 2041 reticulum
1371 1997 1579 2055 nigrum,
1626 1996 1760 2040 etiam
1801 1993 1881 2040 sub
1918 2011 2071 2055 ungue
2110 1996 2252 2056 nigri-

198 2075 336 2105 cans:
382 2058 576 2104 ostendit
603 2057 834 2120 pulposam
871 2058 952 2104 effe
979 2059 1312 2111 membranam,
1351 2075 1498 2118 neque
1529 2059 1809 2104 reticulatam
1832 2077 1846 2111 3
1899 2059 1953 2104 de
1985 2057 2115 2105 causa
2152 2061 2248 2119 ejus

198 2122 448 2184 nigredinis
477 2124 683 2182 inquirit.
753 2124 823 2169 De
845 2123 1022 2183 papillis
1048 2125 1090 2169 &
1111 2125 1256 2169 tafftus
1281 2139 1467 2184 organo.

327 2205 362 2250 E
364 2219 402 2265 J.
441 2209 584 2251 leones
597 2202 1045 2265 Qffi'mnfetushumani
1064 2224 1076 2249 .·
1114 2203 1277 2250 accedit
1294 2206 1519 2265 osteogeniae
1533 2203 1674 2250 brevis
1687 2202 1857 2264 historia
1877 2204 2000 2251 Leid.
2020 2216 2152 2263 1737.
2170 2201 2252 2263 4*

199 2268 376 2328 Figurae
405 2269 690 2315 inimitabilis
718 2268 976 2328 elegantiae,
1030 2266 1193 2314 offium
1222 2266 1533 2328 singulorum,
1582 2270 1716 2315 etiam
1740 2267 2119 2328 compositorum,
2154 2284 2252 2315 non

202 2348 310 2376 vero
337 2330 618 2378 sceletorum.
689 2333 940 2378 Varietates
970 2330 1125 2392 paffim
1158 2330 1523 2378 numeroliffimae
1551 2335 1772 2384 colledbe,
1804 2344 1857 2378 ut
1885 2333 1934 2377 in
1950 2332 2114 2383 sterno.
2182 2334 2253 2379 De

201 2395 339 2440 modo
358 2429 370 2447 ,
408 2412 498 2454 quo
525 2395 628 2442 offis
653 2410 814 2442 natura
841 2397 1103 2442 extenditur
1139 2397 1180 2442 &
1205 2396 1513 2457 cartilaginem
1549 2394 1798 2448 consumit,
1837 2396 1890 2441 dc
1915 2398 2078 2443 nucleo
2101 2395 2216 2442 osseo
2235 2429 2247 2445 ,

205 2456 313 2505 vasis
332 2458 539 2518 periostei
565 2462 652 2512 810.

336 2540 514 2600 EJUSD.
550 2542 790 2602 Explicatio
815 2545 1056 2588 anatomica
1082 2539 1332 2588 tabularum
1362 2546 1704 2589 ‹anatomicarum
1730 2539 1763 2590 B
1797 2542 2080 2590 EUSTACHII
2125 2539 2248 2588 Leid.

210 2616 346 2663 1743.
375 2603 489 2650 sos*
532 2610 666 2662 1761.
696 2604 830 2651 soff:
868 2623 968 2665 quae
994 2606 1133 2651 editio
1164 2607 1339 2651 auctior
1367 2606 1428 2652 est
1459 2608 1500 2652 &
1527 2607 1821 2654 emendatior.
1892 2605 2073 2654 Solebat
2106 2607 2250 2652 ALBI-

205 2683 303 2736 NU}
336 2669 385 2714 in
425 2667 502 2714 has
535 2668 710 2714 tabulas
744 2669 920 2728 publice
957 2670 1220 2729 praelegere:
1274 2668 1347 2715 hic
1385 2670 1808 2730 interpretationem
1834 2670 2055 2728 integram
2092 2668 2246 2715 tradit.

205 2733 285 2779 Ad
304 2748 398 2777 eam
424 2731 531 2778 usus
565 2731 625 2778 est
654 2744 751 2778 turn
777 2732 901 2778 libris
926 2733 1211 2779 EUSTACHII
1248 2732 1409 2793 ipsius,
1445 2736 1487 2780 &
1519 2735 1712 2779 aliorum
1744 2735 1840 2794 ejus
1866 2733 1949 2779 aevi
1975 2730 2246 2785 niciforum,

206 2812 262 2840 ex
290 2796 454 2854 quibus
479 2794 639 2856 scopus
661 2796 817 2856 magni
848 2797 934 2842 viri
957 2795 1289 2843 innotesceret:
1326 2810 1425 2844 tum
1459 2798 1683 2858 praecipue
1715 2796 1861 2843 incisis
1893 2794 2103 2842 humanis
2125 2795 2250 2842 cada-

204 2860 404 2912 veribus,
432 2859 487 2906 ad
515 2861 799 2907 EUSTACHH
826 2860 978 2907 icones
1002 2861 1190 2907 collatis.

335 2941 532 2987 Tabulas
559 2958 663 3001 ergo
693 2943 920 2988 Romanas
943 2940 1051 2987 hinc
1077 2958 1173 2988 non
1203 2954 1397 2989 mutatas
1433 2941 1587 2989 recudi
1612 2940 1742 2992 fecit,
1779 2938 1884 2985 inde
1917 2936 2031 2986 solas
2063 2938 2251 2985 circum-

210 2998 474 3062 scriptiones
494 3003 628 3067 scalpi
661 3006 861 3059 curavit,
897 3021 1007 3065 quas
1034 3006 1227 3054 literulis
1253 3006 1509 3053 declaravit.
1576 3005 1630 3050 In
1655 3001 1866 3051 musculis
1897 3001 2069 3051 offibus·
2098 2999 2252 3109 alvis.

2078 3079 2251 3111 cervus
