2531 3394
664 137 709 198 §.
752 151 867 199 1203
902 115 965 175 -’
1003 149 1138 200 1205.
1206 116 1267 188 Η.
1308 139 1361 187 A.
1398 134 1818 190 WRISBERG.
2103 175 2119 183 l
2180 150 2271 200 >591
2319 146 2360 200 ᾗ

289 311 291 314 ⁴
348 273 587 334 EJUSDEM
614 270 664 317 de
684 271 966 334 respiratione
980 275 1152 334 prima,
1187 273 1322 318 nervo
1340 267 1571 331 phrenico,
1609 267 1669 325 &²
1686 270 1825 317 calore
1853 271 2028 318 animali
2060 271 2272 334 Gotting.

177 373 182 378 .
224 343 360 395 1763.
385 336 468 394 4.*
534 338 718 383 Motum
749 334 1087 396 respiratorium
1114 352 1139 382 a
1164 333 1261 380 fetu
1300 332 1448 386 nasci,
1494 349 1591 380 non
1629 335 1683 380 ab
1721 348 1912 393 urgente
1948 344 2060 383 aere.
2127 337 2275 383 Nervi

172 450 186 454 ,
217 401 424 462 phrenici
454 399 704 447 tensionem
739 399 854 446 nihil
886 397 1114 478 faceryd
1147 396 1515 458 respirationem,
1562 414 1710 458 neque
1749 398 1940 445 eviCtam
1980 398 2074 447 effe.
2142 401 2276 447 Calo-

218 481 314 511 rem
338 466 579 511 animalem
605 465 655 510 in
681 464 861 510 cerebro
893 463 1027 516 oriri,
1060 478 1163 508 cum
1181 462 1509 510 ROEDERERO
1536 459 1689 509 sentit.

349 565 585 625 EJUSDEM
621 561 866 622 Ernhryomk
894 560 1122 623 descriptio
1145 565 1388 609 anatomica
1413 559 1764 620 obftrvationibus
1788 560 1995 622 illustrata
2043 562 2277 625 Gottingae

224 633 360 686 1764.
385 628 467 687 4.*
503 626 747 687 disputatio
785 623 950 671 recusa.
1026 625 1362 672 Adnotationes
1398 623 1504 672 sunt
1534 641 1589 670 ex
1623 623 1805 672 fetubus
1844 626 2083 672 inmaturis
2121 625 2278 674 sumtae

223 693 413 738 omnino
437 692 653 752 quinque.
721 689 934 735 Gelatina
955 689 1075 735 inter
1100 689 1211 735 duas
1233 688 1351 736 fetus
1379 689 1660 734 membranas
1681 687 1800 735 visa:
1836 690 1963 735 icteri
1987 693 2179 736 materni
2198 689 2280 751 fig-

224 755 284 802 na
309 757 357 802 in
385 754 482 802 fetu
501 753 595 814 ipso
619 754 669 799 in
694 751 795 799 offe.
866 751 1026 799 Chorii
1056 751 1190 799 facies
1217 752 1390 801 villosa.
1458 754 1640 799 Auum
1669 751 1811 799 vefica
1840 755 1881 800 &
1905 751 2175 806 vasculum;
2230 752 2279 801 id

223 817 460 866 manifesto
487 817 547 864 est
581 817 741 863 arteria
766 815 1286 877 omphalomesenterica.
1357 817 1517 863 Saccus
1554 817 1750 876 gelatina
1781 818 1972 876 plenus,
2010 820 2130 864 inter
2163 817 2275 864 duas

223 882 342 929 fetus
359 882 637 929 membranas
655 879 842 940 positus,
870 897 895 926 a
915 879 1072 927 chorio
1093 878 1363 941 separabilis,
1390 881 1590 926 multum
1607 878 1770 926 adfinis
1789 881 2072 927 allantoideae
2086 881 2283 928 aliorum

224 950 462 993 audiorum
490 946 773 990 membranae.
845 946 974 991 Alius
996 942 1115 991 fetus
1134 946 1255 990 varie
1279 940 1527 996 difformis,
1563 943 1856 1003 perbrevibus
1878 944 2119 991 intestinis.
2189 946 2283 992 Ter

223 1011 385 1057 arteria
414 1009 685 1055 umbilicalis
702 1009 834 1055 unica
856 1007 964 1055 visa.
1031 1008 1237 1055 Pondera
1257 1010 1297 1055 &
1316 1005 1536 1053 mensurae
1554 1007 1874 1066 embryonum.
1943 1009 2160 1054 Auricula
2176 1009 2284 1054 dex-

224 1086 293 1121 tra
313 1073 458 1120 cordis
474 1074 522 1119 in
537 1070 633 1119 fetu
654 1086 729 1131 70.
748 1072 923 1120 dierum
951 1072 1085 1118 corde
1105 1073 1266 1132 major.
1334 1072 1494 1118 Pulmo
1522 1071 1785 1131 embryonis
1813 1068 2058 1119 difficulter
2075 1072 2280 1120 inflatur.

360 1171 568 1234 Opuscula
594 1172 900 1218 RoEDEREm
927 1170 1084 1225 edidit,
1123 1173 1164 1218 δε
1190 1170 1243 1218 de
1279 1182 1373 1217 arte
1399 1169 1652 1218 obstetricia
1676 1187 1791 1232 opus
1809 1205 1821 1225 ,
1858 1172 2131 1232 notulasque
2156 1170 2282 1219 addi-

226 1235 295 1283 dit
317 1234 430 1283 suas.
498 1234 774 1281 Lochiorum
794 1233 1029 1282 mensurae.

356 1318 426 1365 Sic
453 1313 670 1376 opuscula
694 1318 991 1364 BRENDELH.
1062 1317 1181 1363 Cum
1204 1317 1381 1377 integra
1420 1317 1462 1362 &
1497 1314 1645 1363 clausa
1674 1317 1858 1363 valvula
1889 1317 2174 1366 EUSTACHII
2206 1318 2283 1366 ad-

227 1393 359 1428 notat
386 1379 561 1426 hiatum
588 1378 825 1427 foraminis
848 1381 990 1427 ovalis
1019 1378 1190 1439 semper
1221 1382 1429 1442 patulum
1455 1381 1670 1442 reperiri,
1707 1397 1812 1428 cum
1846 1398 1899 1428 eo
1929 1381 2150 1431 foramine
2184 1400 2293 1445 pers

226 1444 336 1491 feste
362 1442 511 1491 clauso
537 1446 764 1491 valvulam
792 1444 982 1491 deletam
1011 1444 1225 1505 conspici.

168 1583 171 1585 Α
354 1527 410 1572 In
437 1530 557 1572 Nov.
587 1529 743 1573 Comm.
777 1527 865 1574 Vol.
885 1527 945 1573 ΙΙ.
993 1525 1260 1573 Membrana
1286 1526 1534 1587 pupillaris.
1601 1527 1846 1587 Reperitur
1871 1529 1921 1574 in
1943 1529 2156 1577 omnibus
2177 1537 2287 1590 qua-'

227 1589 534 1650 drupedibus,
562 1592 731 1649 optime
750 1589 991 1650 conspicua
1013 1589 1167 1637 versus
1189 1589 1329 1637 finem
1356 1589 1517 1638 mensis
1544 1594 1707 1638 odiaVi.
1775 1592 1830 1637 In
1859 1593 2128 1640 animalibus
2148 1596 2286 1641 etiam

228 1667 334 1700 ante
361 1665 538 1715 partum
567 1655 798 1707 aboletur,
835 1654 951 1701 vidit
975 1666 1128 1702 tamen
1159 1655 1295 1702 tertio
1322 1671 1347 1701 a
1371 1667 1503 1716 partu
1532 1656 1632 1709 die,
1671 1657 1712 1702 &
1738 1655 1789 1702 in
1819 1672 1961 1717 puero
2001 1658 2173 1705 trienni
2212 1656 2285 1706 su-

227 1719 472 1780 perstitem.
540 1719 652 1778 Ejus
678 1715 779 1764 vasa
799 1719 982 1778 repieta.

362 1800 450 1848 Vol.
478 1799 560 1846 111.
599 1800 652 1845 de
676 1800 969 1846 incrementis
998 1798 1189 1847 fetuum.
1257 1801 1345 1847 Die
1373 1813 1450 1859 40.
1485 1801 1666 1862 pondus
1699 1801 1938 1862 embryoni
1975 1800 2065 1849 fuit
2101 1819 2165 1865 gr.
2199 1813 2283 1861 37,

231 1863 301 1910 die
330 1870 391 1916 80
415 1880 480 1924 gr.
506 1877 596 1921 70,
627 1864 698 1910 die
729 1877 810 1910 101
833 1861 885 1910 Ξ
911 1877 999 1911 100
1018 1899 1029 1918 ,
1064 1865 1135 1910 die
1169 1877 1250 1920 115
1279 1866 1424 1911 unciae
1449 1882 1552 1912 cum
1572 1878 1695 1926 parte
1722 1878 1894 1926 quarta,
1927 1866 1998 1912 die
2020 1880 2105 1922 119
2129 1868 2287 1914 drach-

229 1926 407 1974 marum
433 1940 511 1983 15,
552 1927 622 1973 die
652 1941 742 1984 130
763 1945 866 1974 unc.
892 1927 982 1974 sex.
1052 1930 1140 1975 Die
1172 1927 1398 1990 trigesimo
1435 1932 1596 1990 aliquis
1625 1931 1675 1976 in
1718 1928 1933 1976 musculis
1969 1943 2125 1978 motu-s
2155 1948 2287 1992 appa«

228 1992 336 2038 ruit.
408 1991 644 2039 Semestres
675 1991 792 2038 setus
819 1991 1109 2053 respiratum.

365 2074 453 2121 Vol.
476 2073 559 2120 IV.
611 2074 821 2120 Placenta
860 2072 1006 2121 clausa
1024 2074 1100 2128 est,
1131 2086 1183 2121 ut
1213 2076 1366 2122 nullus
1389 2073 1695 2136 hydrargyrus
1723 2075 1776 2122 de
1796 2076 1973 2137 injectis
1996 2075 2109 2124 vafis
2140 2090 2288 2126 exeat.

232 2135 462 2184 Mensurae
487 2135 682 2183 funiculi
702 2155 726 2183 a
755 2136 833 2184 22¹
862 2138 917 2183 ad
949 2138 1058 2193 18¹3
1096 2140 1213 2185 vidit
1239 2151 1392 2186 tamen
1429 2140 1565 2185 etiam
1590 2153 1620 2197 7
1645 2157 1750 2186 unc.
1780 2142 1822 2186 &
1842 2147 1928 2198 48,
1972 2152 2071 2187 tum
2101 2140 2290 2188 craffum

234 2201 290 2246 ad
319 2199 573 2247 sescuncem
604 2203 645 2247 &
675 2203 814 2248 alium
842 2213 884 2247 2.
912 2219 1018 2248 unc.
1052 2220 1156 2249 cum
1188 2203 1388 2250 dimidia.
1471 2203 1862 2264 Haemorrhagiam
1888 2203 2030 2251 fieria
2053 2203 2163 2251 vafis
2198 2209 2290 2264 pla-

235 2276 376 2310 centae
396 2264 571 2311 adnatae
597 2265 653 2311 ad
681 2266 866 2312 cervicis
898 2264 1178 2327 superficiem
1205 2266 1463 2313 inferiorem
1483 2300 1495 2320 ,
1538 2267 1592 2312 ad
1619 2267 1781 2314 ostium
1815 2269 1949 2315 uteri.
2019 2270 2073 2315 In
2095 2268 2289 2315 chorion

237 2325 338 2374 vasa
369 2329 585 2388 placentae
608 2328 770 2376 subire.
838 2331 1046 2377 Placenta
1075 2329 1348 2377 veficularis.

369 2409 459 2457 Vol.
480 2410 537 2455 V.
580 2411 706 2456 Num
734 2412 916 2458 variolae
940 2412 989 2457 in
1014 2412 1221 2472 partibus
1258 2412 1460 2472 corporis
1488 2413 1682 2459 internis
1710 2414 2008 2473 reperiantur.
2076 2415 2187 2460 Non
2224 2430 2291 2460 re-

234 2472 476 2532 periuntur
497 2475 617 2519 ultra
644 2473 792 2520 fauces
812 2508 824 2527 ‚
862 2491 1008 2534 neque
1039 2492 1089 2522 in
1114 2489 1274 2530 utero,
1324 2478 1409 2523 viis
1442 2478 1613 2531 urinae,
1663 2493 1811 2537 neque
1846 2495 1898 2524 eo
1923 2476 2155 2525 referenda
2182 2475 2292 2524 sunt

237 2536 472 2583 tubercula
496 2538 722 2584 nonnulla
748 2536 904 2598 paffim
930 2537 1039 2586 visa.

364 2619 416 2664 A.
447 2625 580 2676 1776.
619 2619 822 2678 praelegit
849 2619 902 2665 de
930 2621 1081 2667 nervis
1107 2620 1231 2668 durae
1268 2621 1438 2669 cerebri
1465 2623 1740 2671 mem-branae
1763 2657 1775 2677 ,
1826 2639 1940 2684 quos
1973 2623 2125 2671 nullos
2166 2620 2293 2669 inve-

238 2681 335 2736 nit,
372 2698 475 2728 cum
509 2682 835 2730 accuratiffime
862 2684 1125 2744 inquireret.

829 2812 877 2869 §.
911 2815 1134 2862 MCCV.
1230 2816 1503 2865 INC1soaes
1539 2818 1689 2878 aliqui.

369 2909 411 2970 J.
433 2910 652 2963 MASON‚
690 2908 918 2971 chirurgi,
954 2911 1127 2958 leffures
1165 2926 1275 2974 upon
1308 2913 1377 2961 the
1406 2913 1553 2967 hem-t,
1602 2912 1671 2959 the
1699 2913 1881 2975 pleura,
1916 2912 2064 2975 lungs,
2096 2913 2297 2976 pericar-‘

245 2969 388 3026 dium,
425 2973 569 3036 aspera
587 2978 777 3029 arteria,
814 2975 1127 3038 medicyiinmn,
1159 2976 1458 3041 diaphragma.
1508 2978 1726 3039 Reading.
1756 2975 1920 3039 absque
1941 2993 2089 3033 anno,
2125 2977 2199 3025 sed
2218 2993 2296 3024 an-

302 3052 304 3054 .
2230 3056 2292 3087 no
