<?xml version="1.0" encoding="UTF-8"?>
<!DOCTYPE html PUBLIC "-//W3C//DTD XHTML 1.0 Transitional//EN"
    "http://www.w3.org/TR/xhtml1/DTD/xhtml1-transitional.dtd">
<html xmlns="http://www.w3.org/1999/xhtml" xml:lang="en" lang="en">
 <head>
  <title>
</title>
<meta http-equiv="Content-Type" content="text/html;charset=utf-8" />
  <meta name='ocr-system' content='tesseract 3.04.00' />
  <meta name='ocr-capabilities' content='ocr_page ocr_carea ocr_par ocr_line ocrx_word'/>
</head>
<body>
  <div class='ocr_page' id='page_1' title='image "bibliothecaanato02hall_0796.png"; bbox 0 0 2531 3394; ppageno 0'>
   <div class='ocr_carea' id='block_1_1' title="bbox 299 77 395 138">
    <p class='ocr_par' dir='ltr' id='par_1_1' title="bbox 299 77 395 138">
     <span class='ocr_line' id='line_1_1' title="bbox 299 77 395 138; baseline -0.135 0"><span class='ocrx_word' id='word_1_1' title='bbox 299 77 395 138; x_wconf 78' lang='grc'><strong>’786</strong></span> 
     </span>
    </p>
   </div>
   <div class='ocr_carea' id='block_1_2' title="bbox 291 202 1306 384">
    <p class='ocr_par' dir='ltr' id='par_1_2' title="bbox 291 202 1306 384">
     <span class='ocr_line' id='line_1_2' title="bbox 307 202 1306 278; baseline 0.001 -24"><span class='ocrx_word' id='word_1_2' title='bbox 307 229 310 232; x_wconf 87' lang='grc'><em>·</em></span> <span class='ocrx_word' id='word_1_3' title='bbox 367 223 408 268; x_wconf 85' lang='lat' dir='ltr'><strong>p.</strong></span> <span class='ocrx_word' id='word_1_4' title='bbox 435 211 525 265; x_wconf 72' lang='lat'><strong>584</strong></span> <span class='ocrx_word' id='word_1_5' title='bbox 560 202 773 252; x_wconf 71' lang='lat' dir='ltr'><strong>Ludovici</strong></span> <span class='ocrx_word' id='word_1_6' title='bbox 794 203 832 252; x_wconf 82' lang='lat' dir='ltr'><strong>le</strong></span> <span class='ocrx_word' id='word_1_7' title='bbox 847 206 1098 278; x_wconf 72' lang='lat' dir='ltr'><strong>BLANcest</strong></span> <span class='ocrx_word' id='word_1_8' title='bbox 1113 208 1306 265; x_wconf 74' lang='lat' dir='ltr'><strong>dzscours</strong></span> 
     </span>
     <span class='ocr_line' id='line_1_3' title="bbox 291 269 1304 384; baseline -0.001 -67"><span class='ocrx_word' id='word_1_9' title='bbox 291 269 929 384; x_wconf 43' lang='lat' dir='ltr'><strong>{zzf’tlaiteilssich-l’dnatomie</strong></span> <span class='ocrx_word' id='word_1_10' title='bbox 963 270 1086 317; x_wconf 81' lang='lat' dir='ltr'><strong>Paris</strong></span> <span class='ocrx_word' id='word_1_11' title='bbox 1104 275 1240 328; x_wconf 83' lang='lat'>1764.</span> <span class='ocrx_word' id='word_1_12' title='bbox 1259 275 1304 322; x_wconf 87' lang='lat'><strong>8.</strong></span> 
     </span>
    </p>
   </div>
   <div class='ocr_carea' id='block_1_3' title="bbox 300 411 1305 479">
    <p class='ocr_par' dir='ltr' id='par_1_3' title="bbox 300 411 1305 479">
     <span class='ocr_line' id='line_1_4' title="bbox 300 411 1305 479; baseline 0 -15"><span class='ocrx_word' id='word_1_13' title='bbox 300 435 345 479; x_wconf 83' lang='lat' dir='ltr'><strong>p.</strong></span> <span class='ocrx_word' id='word_1_14' title='bbox 375 424 464 477; x_wconf 88' lang='lat'><strong>587</strong></span> <span class='ocrx_word' id='word_1_15' title='bbox 479 419 665 464; x_wconf 86' lang='lat' dir='ltr'><strong>Nomen</strong></span> <span class='ocrx_word' id='word_1_16' title='bbox 681 411 1027 462; x_wconf 69' lang='grc' dir='ltr'><strong>(31.ΒΑυΜεέ[ὶ</strong></span> <span class='ocrx_word' id='word_1_17' title='bbox 1042 415 1305 464; x_wconf 75' lang='lat' dir='ltr'><strong>ANTomE.</strong></span> 
     </span>
    </p>
   </div>
   <div class='ocr_carea' id='block_1_4' title="bbox 299 497 1307 770">
    <p class='ocr_par' dir='ltr' id='par_1_4' title="bbox 299 497 1307 770">
     <span class='ocr_line' id='line_1_5' title="bbox 435 497 1177 559; baseline -0.005 -13"><span class='ocrx_word' id='word_1_18' title='bbox 435 516 477 559; x_wconf 88' lang='lat' dir='ltr'><strong>p.</strong></span> <span class='ocrx_word' id='word_1_19' title='bbox 511 505 600 556; x_wconf 84' lang='lat'><strong>588</strong></span> <span class='ocrx_word' id='word_1_20' title='bbox 634 498 662 544; x_wconf 92' lang='lat' dir='ltr'><strong>l.</strong></span> <span class='ocrx_word' id='word_1_21' title='bbox 687 510 719 557; x_wconf 91' lang='lat'><strong>4</strong></span> <span class='ocrx_word' id='word_1_22' title='bbox 751 497 886 557; x_wconf 82' lang='lat' dir='ltr'><strong>supra</strong></span> <span class='ocrx_word' id='word_1_23' title='bbox 915 497 1050 543; x_wconf 87' lang='lat' dir='ltr'><strong>imam</strong></span> <span class='ocrx_word' id='word_1_24' title='bbox 1081 498 1177 558; x_wconf 89' lang='lat' dir='ltr'><strong>lege</strong></span> 
     </span>
     <span class='ocr_line' id='line_1_6' title="bbox 299 561 1307 675; baseline -0.001 -64"><span class='ocrx_word' id='word_1_25' title='bbox 299 566 555 675; x_wconf 41' lang='lat' dir='ltr'><strong>{lffogpgistae</strong></span> <span class='ocrx_word' id='word_1_26' title='bbox 572 561 787 612; x_wconf 79' lang='lat' dir='ltr'><strong>Ludovici</strong></span> <span class='ocrx_word' id='word_1_27' title='bbox 814 562 1066 615; x_wconf 82' lang='lat' dir='ltr'>CHOMEL,</span> <span class='ocrx_word' id='word_1_28' title='bbox 1100 576 1199 607; x_wconf 88' lang='lat' dir='ltr'><strong>non</strong></span> <span class='ocrx_word' id='word_1_29' title='bbox 1229 564 1307 610; x_wconf 82' lang='lat' dir='ltr'><strong>Ca-</strong></span> 
     </span>
     <span class='ocr_line' id='line_1_7' title="bbox 331 645 1271 770; baseline -0.001 -15"><span class='ocrx_word' id='word_1_30' title='bbox 331 645 378 770; x_wconf 56' lang='lat' dir='ltr'><strong>(p.</strong></span> <span class='ocrx_word' id='word_1_31' title='bbox 412 721 504 768; x_wconf 85' lang='lat'><strong>594</strong></span> <span class='ocrx_word' id='word_1_32' title='bbox 536 709 592 755; x_wconf 82' lang='lat' dir='ltr'><strong>ad</strong></span> <span class='ocrx_word' id='word_1_33' title='bbox 614 709 867 756; x_wconf 84' lang='lat' dir='ltr'><strong>orationem</strong></span> <span class='ocrx_word' id='word_1_34' title='bbox 897 705 1081 753; x_wconf 74' lang='lat' dir='ltr'><strong>Andreae</strong></span> <span class='ocrx_word' id='word_1_35' title='bbox 1104 707 1271 757; x_wconf 79' lang='lat' dir='ltr'><strong>BONN.</strong></span> 
     </span>
    </p>
   </div>
   <div class='ocr_carea' id='block_1_5' title="bbox 298 768 1308 888">
    <p class='ocr_par' dir='ltr' id='par_1_5' title="bbox 298 768 1308 888">
     <span class='ocr_line' id='line_1_8' title="bbox 301 768 1308 833; baseline -0.003 -12"><span class='ocrx_word' id='word_1_36' title='bbox 301 773 601 821; x_wconf 80' lang='lat' dir='ltr'><strong>Pulchritudo</strong></span> <span class='ocrx_word' id='word_1_37' title='bbox 629 775 671 820; x_wconf 88' lang='lat'>&amp;</span> <span class='ocrx_word' id='word_1_38' title='bbox 705 768 914 833; x_wconf 79' lang='lat' dir='ltr'><strong>aptitudo</strong></span> <span class='ocrx_word' id='word_1_39' title='bbox 939 768 1120 820; x_wconf 69' lang='lat' dir='ltr'><strong>fabricae</strong></span> <span class='ocrx_word' id='word_1_40' title='bbox 1148 787 1308 832; x_wconf 83' lang='lat' dir='ltr'><strong>corpo-</strong></span> 
     </span>
     <span class='ocr_line' id='line_1_9' title="bbox 298 836 596 888; baseline -0.017 0"><span class='ocrx_word' id='word_1_41' title='bbox 298 838 365 888; x_wconf 65' lang='lat' dir='ltr'><strong>tis</strong></span> <span class='ocrx_word' id='word_1_42' title='bbox 392 836 596 885; x_wconf 82' lang='lat' dir='ltr'><strong>humani.</strong></span> 
     </span>
    </p>
   </div>
   <div class='ocr_carea' id='block_1_6' title="bbox 303 916 1306 1107">
    <p class='ocr_par' dir='ltr' id='par_1_6' title="bbox 303 916 1306 1107">
     <span class='ocr_line' id='line_1_10' title="bbox 484 916 1129 978; baseline -0.003 -13"><span class='ocrx_word' id='word_1_43' title='bbox 484 936 524 978; x_wconf 92' lang='lat' dir='ltr'><strong>p.</strong></span> <span class='ocrx_word' id='word_1_44' title='bbox 550 924 637 975; x_wconf 82' lang='lat'><strong>598</strong></span> <span class='ocrx_word' id='word_1_45' title='bbox 672 918 726 964; x_wconf 84' lang='lat' dir='ltr'><strong>ad</strong></span> <span class='ocrx_word' id='word_1_46' title='bbox 759 922 806 975; x_wconf 89' lang='lat' dir='ltr'><strong>J.</strong></span> <span class='ocrx_word' id='word_1_47' title='bbox 833 918 871 966; x_wconf 88' lang='lat' dir='ltr'><strong>le</strong></span> <span class='ocrx_word' id='word_1_48' title='bbox 892 920 986 966; x_wconf 66' lang='grc' dir='ltr'><strong>ΒΑΕ</strong></span> <span class='ocrx_word' id='word_1_49' title='bbox 1015 916 1129 965; x_wconf 80' lang='lat' dir='ltr'><strong>adde</strong></span> 
     </span>
     <span class='ocr_line' id='line_1_11' title="bbox 354 982 1306 1046; baseline 0 -17"><span class='ocrx_word' id='word_1_50' title='bbox 354 983 433 1043; x_wconf 84' lang='lat' dir='ltr'><strong>EJ.</strong></span> <span class='ocrx_word' id='word_1_51' title='bbox 473 985 513 1029; x_wconf 86' lang='lat'>&amp;</span> <span class='ocrx_word' id='word_1_52' title='bbox 537 983 896 1032; x_wconf 77' lang='lat' dir='ltr'>DESORMEAUX</span> <span class='ocrx_word' id='word_1_53' title='bbox 932 982 982 1029; x_wconf 85' lang='lat' dir='ltr'><strong>de</strong></span> <span class='ocrx_word' id='word_1_54' title='bbox 1005 993 1142 1046; x_wconf 80' lang='lat' dir='ltr'><strong>partu</strong></span> <span class='ocrx_word' id='word_1_55' title='bbox 1178 993 1306 1029; x_wconf 81' lang='lat' dir='ltr'><strong>natu-</strong></span> 
     </span>
     <span class='ocr_line' id='line_1_12' title="bbox 303 1044 935 1107; baseline -0.002 -13"><span class='ocrx_word' id='word_1_56' title='bbox 303 1047 392 1095; x_wconf 55' lang='lat' dir='ltr'><strong>eali</strong></span> <span class='ocrx_word' id='word_1_57' title='bbox 420 1044 547 1104; x_wconf 68' lang='lat' dir='ltr'><strong>thefhs</strong></span> <span class='ocrx_word' id='word_1_58' title='bbox 580 1047 702 1094; x_wconf 80' lang='lat' dir='ltr'><strong>Paris</strong></span> <span class='ocrx_word' id='word_1_59' title='bbox 728 1060 864 1107; x_wconf 87' lang='lat'>1775.</span> <span class='ocrx_word' id='word_1_60' title='bbox 889 1059 935 1106; x_wconf 88' lang='lat'><strong>4.</strong></span> 
     </span>
    </p>
   </div>
   <div class='ocr_carea' id='block_1_7' title="bbox 401 1126 1210 1188">
    <p class='ocr_par' dir='ltr' id='par_1_7' title="bbox 401 1126 1210 1188">
     <span class='ocr_line' id='line_1_13' title="bbox 401 1126 1210 1188; baseline 0.001 -15"><span class='ocrx_word' id='word_1_61' title='bbox 401 1145 443 1188; x_wconf 89' lang='lat' dir='ltr'><strong>p.</strong></span> <span class='ocrx_word' id='word_1_62' title='bbox 466 1139 554 1186; x_wconf 82' lang='lat'><strong>599</strong></span> <span class='ocrx_word' id='word_1_63' title='bbox 591 1128 619 1173; x_wconf 94' lang='lat' dir='ltr'><strong>l.</strong></span> <span class='ocrx_word' id='word_1_64' title='bbox 639 1141 669 1188; x_wconf 90' lang='lat'>7</span> <span class='ocrx_word' id='word_1_65' title='bbox 704 1129 760 1175; x_wconf 82' lang='lat' dir='ltr'><strong>ad</strong></span> <span class='ocrx_word' id='word_1_66' title='bbox 787 1131 1070 1177; x_wconf 81' lang='lat' dir='ltr'>MACBRIDE</span> <span class='ocrx_word' id='word_1_67' title='bbox 1097 1126 1210 1174; x_wconf 83' lang='lat' dir='ltr'><strong>adde</strong></span> 
     </span>
    </p>
   </div>
   <div class='ocr_carea' id='block_1_8' title="bbox 303 1203 1308 1330">
    <p class='ocr_par' dir='ltr' id='par_1_8' title="bbox 303 1203 1308 1330">
     <span class='ocr_line' id='line_1_14' title="bbox 342 1203 1308 1259; baseline -0.002 -5"><span class='ocrx_word' id='word_1_68' title='bbox 342 1207 503 1256; x_wconf 83' lang='lat' dir='ltr'>Latine</span> <span class='ocrx_word' id='word_1_69' title='bbox 520 1216 726 1252; x_wconf 88' lang='lat' dir='ltr'><strong>vertente</strong></span> <span class='ocrx_word' id='word_1_70' title='bbox 738 1209 784 1259; x_wconf 84' lang='lat' dir='ltr'><strong>J.</strong></span> <span class='ocrx_word' id='word_1_71' title='bbox 805 1204 920 1251; x_wconf 76' lang='lat' dir='ltr'><strong>Frid.</strong></span> <span class='ocrx_word' id='word_1_72' title='bbox 941 1206 1094 1252; x_wconf 82' lang='lat' dir='ltr'><strong>CLoss</strong></span> <span class='ocrx_word' id='word_1_73' title='bbox 1113 1203 1308 1252; x_wconf 82' lang='lat' dir='ltr'><strong>Utrecht</strong></span> 
     </span>
     <span class='ocr_line' id='line_1_15' title="bbox 303 1267 1284 1330; baseline 0 -12"><span class='ocrx_word' id='word_1_74' title='bbox 303 1277 371 1326; x_wconf 74' lang='lat'><strong>8⁰.</strong></span> <span class='ocrx_word' id='word_1_75' title='bbox 401 1271 558 1319; x_wconf 84' lang='lat' dir='ltr'><strong>2.Vol.</strong></span> <span class='ocrx_word' id='word_1_76' title='bbox 629 1270 804 1330; x_wconf 80' lang='lat' dir='ltr'><strong>Belgice</strong></span> <span class='ocrx_word' id='word_1_77' title='bbox 827 1267 1020 1315; x_wconf 82' lang='lat' dir='ltr'><strong>Utrecht</strong></span> <span class='ocrx_word' id='word_1_78' title='bbox 1046 1276 1183 1328; x_wconf 84' lang='lat'>1776.</span> <span class='ocrx_word' id='word_1_79' title='bbox 1218 1277 1284 1324; x_wconf 84' lang='lat'><strong>8⁰.</strong></span> 
     </span>
    </p>
   </div>
   <div class='ocr_carea' id='block_1_9' title="bbox 345 1349 1262 1415">
    <p class='ocr_par' dir='ltr' id='par_1_9' title="bbox 345 1349 1262 1415">
     <span class='ocr_line' id='line_1_16' title="bbox 345 1349 1262 1415; baseline -0.002 -15"><span class='ocrx_word' id='word_1_80' title='bbox 345 1371 389 1415; x_wconf 88' lang='lat' dir='ltr'><strong>p.</strong></span> <span class='ocrx_word' id='word_1_81' title='bbox 410 1359 499 1400; x_wconf 87' lang='lat'><strong>601</strong></span> <span class='ocrx_word' id='word_1_82' title='bbox 535 1351 647 1399; x_wconf 86' lang='lat' dir='ltr'><strong>adde</strong></span> <span class='ocrx_word' id='word_1_83' title='bbox 669 1350 767 1411; x_wconf 86' lang='lat' dir='ltr'><strong>post</strong></span> <span class='ocrx_word' id='word_1_84' title='bbox 783 1352 1050 1398; x_wconf 73' lang='lat' dir='ltr'><strong>GLEmHEN</strong></span> <span class='ocrx_word' id='word_1_85' title='bbox 1085 1349 1262 1410; x_wconf 75' lang='lat' dir='ltr'><strong>Verfitch</strong></span> 
     </span>
    </p>
   </div>
   <div class='ocr_carea' id='block_1_10' title="bbox 297 1433 1308 2078">
    <p class='ocr_par' dir='ltr' id='par_1_10' title="bbox 297 1433 1308 1688">
     <span class='ocr_line' id='line_1_17' title="bbox 366 1433 1308 1490; baseline -0.001 -9"><span class='ocrx_word' id='word_1_86' title='bbox 366 1439 415 1490; x_wconf 91' lang='lat' dir='ltr'><strong>J.</strong></span> <span class='ocrx_word' id='word_1_87' title='bbox 452 1435 614 1481; x_wconf 80' lang='lat' dir='ltr'><em>Daniel</em></span> <span class='ocrx_word' id='word_1_88' title='bbox 637 1433 1075 1479; x_wconf 74' lang='lat' dir='ltr'>MITTELHAEUSER</span> <span class='ocrx_word' id='word_1_89' title='bbox 1107 1450 1193 1480; x_wconf 83' lang='lat' dir='ltr'><strong>von</strong></span> <span class='ocrx_word' id='word_1_90' title='bbox 1229 1433 1308 1480; x_wconf 78' lang='lat' dir='ltr'><strong>der</strong></span> 
     </span>
     <span class='ocr_line' id='line_1_18' title="bbox 297 1495 1308 1561; baseline 0 -17"><span class='ocrx_word' id='word_1_91' title='bbox 297 1498 592 1561; x_wconf 81' lang='lat' dir='ltr'><strong>graffi&#39;renden</strong></span> <span class='ocrx_word' id='word_1_92' title='bbox 623 1495 863 1556; x_wconf 62' lang='lat' dir='ltr'><strong>Viehsbuche</strong></span> <span class='ocrx_word' id='word_1_93' title='bbox 897 1495 1046 1556; x_wconf 85' lang='lat' dir='ltr'><strong>Leipz.</strong></span> <span class='ocrx_word' id='word_1_94' title='bbox 1068 1504 1205 1555; x_wconf 83' lang='lat'>1763.</span> <span class='ocrx_word' id='word_1_95' title='bbox 1232 1500 1308 1552; x_wconf 51' lang='grc' dir='ltr'><strong>8.)ὶε</strong></span> 
     </span>
     <span class='ocr_line' id='line_1_19' title="bbox 302 1561 1306 1611; baseline -0.002 0"><span class='ocrx_word' id='word_1_96' title='bbox 302 1564 440 1611; x_wconf 82' lang='lat' dir='ltr'><strong>habet</strong></span> <span class='ocrx_word' id='word_1_97' title='bbox 462 1563 595 1608; x_wconf 80' lang='lat' dir='ltr'><strong>etiam</strong></span> <span class='ocrx_word' id='word_1_98' title='bbox 622 1561 870 1608; x_wconf 87' lang='lat' dir='ltr'><strong>ventriculi</strong></span> <span class='ocrx_word' id='word_1_99' title='bbox 896 1561 1039 1607; x_wconf 86' lang='lat' dir='ltr'><strong>boum</strong></span> <span class='ocrx_word' id='word_1_100' title='bbox 1061 1574 1306 1609; x_wconf 79' lang='lat' dir='ltr'><strong>anatomen</strong></span> 
     </span>
     <span class='ocr_line' id='line_1_20' title="bbox 303 1626 713 1688; baseline -0.015 -12"><span class='ocrx_word' id='word_1_101' title='bbox 303 1629 348 1676; x_wconf 68' lang='lat' dir='ltr'><strong>Sc</strong></span> <span class='ocrx_word' id='word_1_102' title='bbox 370 1626 713 1688; x_wconf 79' lang='lat' dir='ltr'><strong>phyliologiam.</strong></span> 
     </span>
    </p>

    <p class='ocr_par' dir='ltr' id='par_1_11' title="bbox 304 1704 1305 2078">
     <span class='ocr_line' id='line_1_21' title="bbox 402 1704 1192 1771; baseline -0.001 -16"><span class='ocrx_word' id='word_1_103' title='bbox 402 1715 557 1771; x_wconf 89' lang='lat' dir='ltr'><strong>p.614</strong></span> <span class='ocrx_word' id='word_1_104' title='bbox 591 1707 672 1754; x_wconf 84' lang='lat' dir='ltr'><strong>sub</strong></span> <span class='ocrx_word' id='word_1_105' title='bbox 698 1707 728 1753; x_wconf 89' lang='lat' dir='ltr'><strong>l.</strong></span> <span class='ocrx_word' id='word_1_106' title='bbox 756 1718 776 1765; x_wconf 86' lang='lat'><em>5</em></span> <span class='ocrx_word' id='word_1_107' title='bbox 809 1704 944 1767; x_wconf 82' lang='lat' dir='ltr'><strong>supra</strong></span> <span class='ocrx_word' id='word_1_108' title='bbox 974 1705 1111 1752; x_wconf 84' lang='lat' dir='ltr'><strong>imam</strong></span> <span class='ocrx_word' id='word_1_109' title='bbox 1136 1706 1192 1754; x_wconf 81' lang='lat' dir='ltr'><strong>ad</strong></span> 
     </span>
     <span class='ocr_line' id='line_1_22' title="bbox 586 1770 1003 1820; baseline -0.012 0"><span class='ocrx_word' id='word_1_110' title='bbox 586 1774 861 1820; x_wconf 73' lang='lat' dir='ltr'>MONTHJM</span> <span class='ocrx_word' id='word_1_111' title='bbox 890 1770 1003 1816; x_wconf 80' lang='lat' dir='ltr'><strong>adde</strong></span> 
     </span>
     <span class='ocr_line' id='line_1_23' title="bbox 343 1833 1305 1898; baseline -0.002 -15"><span class='ocrx_word' id='word_1_112' title='bbox 343 1838 422 1898; x_wconf 80' lang='lat' dir='ltr'><strong>EJ.</strong></span> <span class='ocrx_word' id='word_1_113' title='bbox 471 1837 678 1898; x_wconf 78' lang='lat' dir='ltr'><em>Apologia</em></span> <span class='ocrx_word' id='word_1_114' title='bbox 705 1835 770 1881; x_wconf 62' lang='lat' dir='ltr'><strong>de’</strong></span> <span class='ocrx_word' id='word_1_115' title='bbox 797 1834 947 1881; x_wconf 83' lang='lat' dir='ltr'><strong>medici</strong></span> <span class='ocrx_word' id='word_1_116' title='bbox 977 1833 1127 1892; x_wconf 72' lang='lat' dir='ltr'><strong>Pavefi</strong></span> <span class='ocrx_word' id='word_1_117' title='bbox 1169 1835 1305 1882; x_wconf 79' lang='lat' dir='ltr'><strong>Pavia</strong></span> 
     </span>
     <span class='ocr_line' id='line_1_24' title="bbox 310 1897 1304 1958; baseline -0.001 -12"><span class='ocrx_word' id='word_1_118' title='bbox 310 1907 446 1958; x_wconf 81' lang='lat'>1776.</span> <span class='ocrx_word' id='word_1_119' title='bbox 470 1900 551 1958; x_wconf 69' lang='lat'><strong>4*</strong></span> <span class='ocrx_word' id='word_1_120' title='bbox 577 1903 646 1946; x_wconf 92' lang='lat' dir='ltr'><strong>De</strong></span> <span class='ocrx_word' id='word_1_121' title='bbox 672 1897 883 1958; x_wconf 82' lang='lat' dir='ltr'><strong>pulsuum</strong></span> <span class='ocrx_word' id='word_1_122' title='bbox 907 1915 1114 1951; x_wconf 87' lang='lat' dir='ltr'><strong>numero,</strong></span> <span class='ocrx_word' id='word_1_123' title='bbox 1139 1898 1192 1944; x_wconf 90' lang='lat' dir='ltr'><strong>de</strong></span> <span class='ocrx_word' id='word_1_124' title='bbox 1207 1916 1304 1945; x_wconf 84' lang='lat' dir='ltr'><strong>cor-</strong></span> 
     </span>
     <span class='ocr_line' id='line_1_25' title="bbox 304 1962 1302 2018; baseline 0 -8"><span class='ocrx_word' id='word_1_125' title='bbox 304 1965 376 2011; x_wconf 76' lang='lat' dir='ltr'><strong>dis</strong></span> <span class='ocrx_word' id='word_1_126' title='bbox 409 1964 719 2011; x_wconf 66' lang='lat' dir='ltr'><strong>contractione</strong></span> <span class='ocrx_word' id='word_1_127' title='bbox 743 1997 758 2018; x_wconf 85' lang='lat'>‚</span> <span class='ocrx_word' id='word_1_128' title='bbox 800 1978 913 2010; x_wconf 90' lang='lat' dir='ltr'><strong>num</strong></span> <span class='ocrx_word' id='word_1_129' title='bbox 948 1963 1168 2010; x_wconf 81' lang='lat' dir='ltr'><strong>naturalis</strong></span> <span class='ocrx_word' id='word_1_130' title='bbox 1209 1962 1264 2010; x_wconf 81' lang='lat' dir='ltr'><strong>fit</strong></span> <span class='ocrx_word' id='word_1_131' title='bbox 1287 1998 1302 2018; x_wconf 88' lang='lat'>,</span> 
     </span>
     <span class='ocr_line' id='line_1_26' title="bbox 304 2032 612 2078; baseline -0.013 0"><span class='ocrx_word' id='word_1_132' title='bbox 304 2041 421 2078; x_wconf 70' lang='lat' dir='ltr'><strong>num</strong></span> <span class='ocrx_word' id='word_1_133' title='bbox 447 2032 612 2076; x_wconf 58' lang='lat' dir='ltr'><strong>coaeta.</strong></span> 
     </span>
    </p>
   </div>
   <div class='ocr_carea' id='block_1_11' title="bbox 304 2110 1302 2993">
    <p class='ocr_par' dir='ltr' id='par_1_12' title="bbox 304 2110 1302 2993">
     <span class='ocr_line' id='line_1_27' title="bbox 391 2110 1206 2172; baseline 0.001 -15"><span class='ocrx_word' id='word_1_134' title='bbox 391 2127 435 2172; x_wconf 86' lang='lat' dir='ltr'><strong>p.</strong></span> <span class='ocrx_word' id='word_1_135' title='bbox 455 2116 545 2170; x_wconf 84' lang='lat'><strong>615</strong></span> <span class='ocrx_word' id='word_1_136' title='bbox 582 2114 631 2166; x_wconf 88' lang='lat' dir='ltr'><strong>J.</strong></span> <span class='ocrx_word' id='word_1_137' title='bbox 646 2115 786 2158; x_wconf 83' lang='lat' dir='ltr'><strong>Henr.</strong></span> <span class='ocrx_word' id='word_1_138' title='bbox 809 2111 986 2158; x_wconf 83' lang='lat' dir='ltr'>LANGE</span> <span class='ocrx_word' id='word_1_139' title='bbox 1007 2110 1206 2171; x_wconf 83' lang='lat' dir='ltr'><strong>pertinet</strong></span> 
     </span>
     <span class='ocr_line' id='line_1_28' title="bbox 676 2175 929 2235; baseline 0.004 -15"><span class='ocrx_word' id='word_1_140' title='bbox 676 2175 731 2220; x_wconf 81' lang='lat' dir='ltr'><strong>ad</strong></span> <span class='ocrx_word' id='word_1_141' title='bbox 756 2192 797 2235; x_wconf 89' lang='lat' dir='ltr'><strong>p.</strong></span> <span class='ocrx_word' id='word_1_142' title='bbox 825 2188 929 2233; x_wconf 87' lang='lat'><strong>514.</strong></span> 
     </span>
     <span class='ocr_line' id='line_1_29' title="bbox 306 2253 1298 2320; baseline -0.001 -15"><span class='ocrx_word' id='word_1_143' title='bbox 306 2275 349 2320; x_wconf 84' lang='lat' dir='ltr'><strong>p.</strong></span> <span class='ocrx_word' id='word_1_144' title='bbox 371 2263 457 2305; x_wconf 88' lang='lat'><strong>621</strong></span> <span class='ocrx_word' id='word_1_145' title='bbox 504 2255 649 2315; x_wconf 69' lang='lat' dir='ltr'><strong>Cafim.</strong></span> <span class='ocrx_word' id='word_1_146' title='bbox 667 2257 923 2304; x_wconf 78' lang='lat' dir='ltr'><strong>MEDICUM</strong></span> <span class='ocrx_word' id='word_1_147' title='bbox 948 2254 1046 2302; x_wconf 88' lang='lat' dir='ltr'><strong>dele</strong></span> <span class='ocrx_word' id='word_1_148' title='bbox 1072 2253 1161 2303; x_wconf 87' lang='lat' dir='ltr'><strong>hoc</strong></span> <span class='ocrx_word' id='word_1_149' title='bbox 1183 2256 1298 2304; x_wconf 89' lang='lat' dir='ltr'><strong>loeo.</strong></span> 
     </span>
     <span class='ocr_line' id='line_1_30' title="bbox 451 2336 1138 2400; baseline -0.001 -16"><span class='ocrx_word' id='word_1_150' title='bbox 451 2356 493 2400; x_wconf 87' lang='lat' dir='ltr'><strong>p.</strong></span> <span class='ocrx_word' id='word_1_151' title='bbox 518 2344 608 2395; x_wconf 79' lang='lat'><strong>623</strong></span> <span class='ocrx_word' id='word_1_152' title='bbox 649 2338 676 2383; x_wconf 91' lang='lat' dir='ltr'><strong>l.</strong></span> <span class='ocrx_word' id='word_1_153' title='bbox 702 2348 741 2394; x_wconf 79' lang='lat'><strong>3.</strong></span> <span class='ocrx_word' id='word_1_154' title='bbox 764 2349 808 2394; x_wconf 86' lang='lat'><strong>4.</strong></span> <span class='ocrx_word' id='word_1_155' title='bbox 846 2336 941 2382; x_wconf 87' lang='lat' dir='ltr'><strong>dele</strong></span> <span class='ocrx_word' id='word_1_156' title='bbox 972 2339 1013 2383; x_wconf 88' lang='lat'>&amp;</span> <span class='ocrx_word' id='word_1_157' title='bbox 1043 2337 1138 2399; x_wconf 79' lang='lat' dir='ltr'><strong>lege</strong></span> 
     </span>
     <span class='ocr_line' id='line_1_31' title="bbox 357 2415 1302 2476; baseline 0.002 -14"><span class='ocrx_word' id='word_1_158' title='bbox 357 2419 551 2464; x_wconf 76' lang='lat' dir='ltr'><strong>Lorenzo</strong></span> <span class='ocrx_word' id='word_1_159' title='bbox 577 2416 801 2463; x_wconf 75' lang='lat' dir='ltr'><strong>MAsslml</strong></span> <span class='ocrx_word' id='word_1_160' title='bbox 837 2415 1064 2476; x_wconf 60' lang='lat' dir='ltr'><strong>esperienze</strong></span> <span class='ocrx_word' id='word_1_161' title='bbox 1093 2421 1302 2464; x_wconf 71' lang='lat' dir='ltr'><strong>anatomi-</strong></span> 
     </span>
     <span class='ocr_line' id='line_1_32' title="bbox 304 2478 1301 2540; baseline 0.002 -12"><span class='ocrx_word' id='word_1_162' title='bbox 304 2478 378 2528; x_wconf 66' lang='lat' dir='ltr'><strong>che</strong></span> <span class='ocrx_word' id='word_1_163' title='bbox 394 2485 565 2527; x_wconf 80' lang='lat' dir='ltr'><strong><em>intorno</em></strong></span> <span class='ocrx_word' id='word_1_164' title='bbox 580 2484 593 2525; x_wconf 86' lang='lat' dir='ltr'><strong>i</strong></span> <span class='ocrx_word' id='word_1_165' title='bbox 609 2484 735 2526; x_wconf 74' lang='lat' dir='ltr'><strong>nervi</strong></span> <span class='ocrx_word' id='word_1_166' title='bbox 749 2480 882 2526; x_wconf 80' lang='lat' dir='ltr'><strong>Rom.</strong></span> <span class='ocrx_word' id='word_1_167' title='bbox 906 2487 1037 2537; x_wconf 88' lang='lat'>1766.</span> <span class='ocrx_word' id='word_1_168' title='bbox 1053 2484 1130 2540; x_wconf 70' lang='lat'><strong>4*</strong></span> <span class='ocrx_word' id='word_1_169' title='bbox 1161 2484 1206 2529; x_wconf 94' lang='lat' dir='ltr'>N</span> <span class='ocrx_word' id='word_1_170' title='bbox 1211 2499 1301 2530; x_wconf 88' lang='lat' dir='ltr'><strong>unc</strong></span> 
     </span>
     <span class='ocr_line' id='line_1_33' title="bbox 306 2541 1301 2605; baseline 0.003 -15"><span class='ocrx_word' id='word_1_171' title='bbox 306 2545 426 2605; x_wconf 83' lang='lat' dir='ltr'><strong>legi,</strong></span> <span class='ocrx_word' id='word_1_172' title='bbox 462 2543 650 2589; x_wconf 86' lang='lat' dir='ltr'><strong>minime</strong></span> <span class='ocrx_word' id='word_1_173' title='bbox 682 2541 997 2589; x_wconf 80' lang='lat' dir='ltr'><strong>diffimulanda</strong></span> <span class='ocrx_word' id='word_1_174' title='bbox 1024 2546 1301 2605; x_wconf 81' lang='lat' dir='ltr'><strong>experimen-</strong></span> 
     </span>
     <span class='ocr_line' id='line_1_34' title="bbox 307 2605 1301 2667; baseline 0.003 -12"><span class='ocrx_word' id='word_1_175' title='bbox 307 2621 379 2661; x_wconf 72' lang='lat' dir='ltr'><strong>ta,</strong></span> <span class='ocrx_word' id='word_1_176' title='bbox 419 2606 497 2654; x_wconf 76' lang='lat' dir='ltr'><strong>etsi</strong></span> <span class='ocrx_word' id='word_1_177' title='bbox 519 2624 572 2654; x_wconf 92' lang='lat' dir='ltr'><strong>eo</strong></span> <span class='ocrx_word' id='word_1_178' title='bbox 599 2610 753 2654; x_wconf 79' lang='lat' dir='ltr'><strong>animo</strong></span> <span class='ocrx_word' id='word_1_179' title='bbox 779 2605 941 2667; x_wconf 82' lang='lat' dir='ltr'><strong>scripta</strong></span> <span class='ocrx_word' id='word_1_180' title='bbox 963 2605 1093 2661; x_wconf 81' lang='lat' dir='ltr'><strong>sunt,</strong></span> <span class='ocrx_word' id='word_1_181' title='bbox 1128 2621 1181 2656; x_wconf 91' lang='lat' dir='ltr'><strong>ut</strong></span> <span class='ocrx_word' id='word_1_182' title='bbox 1203 2627 1301 2658; x_wconf 86' lang='lat' dir='ltr'><strong>mea</strong></span> 
     </span>
     <span class='ocr_line' id='line_1_35' title="bbox 305 2669 1300 2721; baseline 0.003 -3"><span class='ocrx_word' id='word_1_183' title='bbox 305 2671 524 2719; x_wconf 78' lang='lat' dir='ltr'><strong>refutent.</strong></span> <span class='ocrx_word' id='word_1_184' title='bbox 593 2673 793 2718; x_wconf 86' lang='lat' dir='ltr'><strong>Primum</strong></span> <span class='ocrx_word' id='word_1_185' title='bbox 812 2687 976 2717; x_wconf 87' lang='lat' dir='ltr'><strong>nervos</strong></span> <span class='ocrx_word' id='word_1_186' title='bbox 1000 2669 1108 2718; x_wconf 74' lang='lat' dir='ltr'><strong>facit</strong></span> <span class='ocrx_word' id='word_1_187' title='bbox 1134 2690 1300 2721; x_wconf 87' lang='lat' dir='ltr'><strong>meram</strong></span> 
     </span>
     <span class='ocr_line' id='line_1_36' title="bbox 306 2733 1301 2785; baseline 0.004 -4"><span class='ocrx_word' id='word_1_188' title='bbox 306 2734 565 2782; x_wconf 81' lang='lat' dir='ltr'><strong>cellulosam</strong></span> <span class='ocrx_word' id='word_1_189' title='bbox 589 2737 751 2782; x_wconf 82' lang='lat' dir='ltr'><strong>telam:</strong></span> <span class='ocrx_word' id='word_1_190' title='bbox 789 2733 952 2781; x_wconf 85' lang='lat' dir='ltr'><strong>resolvi</strong></span> <span class='ocrx_word' id='word_1_191' title='bbox 975 2738 1023 2781; x_wconf 86' lang='lat' dir='ltr'><strong>in</strong></span> <span class='ocrx_word' id='word_1_192' title='bbox 1046 2751 1140 2782; x_wconf 72' lang='lat' dir='ltr'><strong>eam</strong></span> <span class='ocrx_word' id='word_1_193' title='bbox 1165 2741 1301 2785; x_wconf 84' lang='lat' dir='ltr'><strong>telam</strong></span> 
     </span>
     <span class='ocr_line' id='line_1_37' title="bbox 306 2798 1301 2860; baseline 0.004 -16"><span class='ocrx_word' id='word_1_194' title='bbox 306 2798 502 2853; x_wconf 73' lang='lat' dir='ltr'><strong>divisos,</strong></span> <span class='ocrx_word' id='word_1_195' title='bbox 533 2800 656 2860; x_wconf 85' lang='lat' dir='ltr'><strong>quod</strong></span> <span class='ocrx_word' id='word_1_196' title='bbox 681 2801 731 2846; x_wconf 87' lang='lat' dir='ltr'><strong>in</strong></span> <span class='ocrx_word' id='word_1_197' title='bbox 761 2801 995 2860; x_wconf 84' lang='lat' dir='ltr'><strong>plenisque</strong></span> <span class='ocrx_word' id='word_1_198' title='bbox 1019 2815 1182 2846; x_wconf 77' lang='lat' dir='ltr'><strong>nervos</strong></span> <span class='ocrx_word' id='word_1_199' title='bbox 1211 2819 1301 2848; x_wconf 86' lang='lat' dir='ltr'><strong>me-</strong></span> 
     </span>
     <span class='ocr_line' id='line_1_38' title="bbox 306 2862 1300 2918; baseline 0.004 -11"><span class='ocrx_word' id='word_1_200' title='bbox 306 2863 432 2908; x_wconf 65' lang='lat' dir='ltr'><strong>dulla</strong></span> <span class='ocrx_word' id='word_1_201' title='bbox 453 2864 501 2909; x_wconf 86' lang='lat' dir='ltr'><strong>in</strong></span> <span class='ocrx_word' id='word_1_202' title='bbox 528 2864 728 2911; x_wconf 81' lang='lat' dir='ltr'><strong>minimis</strong></span> <span class='ocrx_word' id='word_1_203' title='bbox 759 2862 1006 2918; x_wconf 75' lang='lat' dir='ltr'>fasciculis,</span> <span class='ocrx_word' id='word_1_204' title='bbox 1052 2880 1110 2911; x_wconf 89' lang='lat' dir='ltr'><strong>ne</strong></span> <span class='ocrx_word' id='word_1_205' title='bbox 1139 2866 1300 2912; x_wconf 88' lang='lat' dir='ltr'><strong>micro-</strong></span> 
     </span>
     <span class='ocr_line' id='line_1_39' title="bbox 306 2923 1300 2993; baseline 0.003 -18"><span class='ocrx_word' id='word_1_206' title='bbox 306 2923 460 2990; x_wconf 74' lang='lat' dir='ltr'><strong>scopio</strong></span> <span class='ocrx_word' id='word_1_207' title='bbox 501 2930 684 2989; x_wconf 75' lang='lat' dir='ltr'><strong>quidem</strong></span> <span class='ocrx_word' id='word_1_208' title='bbox 723 2927 975 2991; x_wconf 79' lang='lat' dir='ltr'>conspicuis</span> <span class='ocrx_word' id='word_1_209' title='bbox 1005 2961 1018 2984; x_wconf 89' lang='lat'>‚</span> <span class='ocrx_word' id='word_1_210' title='bbox 1073 2928 1300 2993; x_wconf 86' lang='lat' dir='ltr'><strong>inconspi-</strong></span> 
     </span>
    </p>
   </div>
   <div class='ocr_carea' id='block_1_12' title="bbox 872 70 1786 132">
    <p class='ocr_par' dir='ltr' id='par_1_13' title="bbox 872 70 1786 132">
     <span class='ocr_line' id='line_1_40' title="bbox 872 70 1786 132; baseline 0.005 -6"><span class='ocrx_word' id='word_1_211' title='bbox 872 70 1387 128; x_wconf 65' lang='lat' dir='ltr'><strong>*ADuENDA</strong></span> <span class='ocrx_word' id='word_1_212' title='bbox 1465 79 1658 130; x_wconf 76' lang='lat' dir='ltr'><strong>Toml</strong></span> <span class='ocrx_word' id='word_1_213' title='bbox 1712 81 1786 132; x_wconf 85' lang='lat'><strong>11.</strong></span> 
     </span>
    </p>
   </div>
   <div class='ocr_carea' id='block_1_13' title="bbox 1365 204 2375 1424">
    <p class='ocr_par' dir='ltr' id='par_1_14' title="bbox 1365 204 2375 1424">
     <span class='ocr_line' id='line_1_41' title="bbox 1367 204 2374 277; baseline 0.009 -20"><span class='ocrx_word' id='word_1_214' title='bbox 1367 225 1452 257; x_wconf 82' lang='lat' dir='ltr'><strong>cua</strong></span> <span class='ocrx_word' id='word_1_215' title='bbox 1473 209 1541 258; x_wconf 88' lang='lat' dir='ltr'><strong>fit.</strong></span> <span class='ocrx_word' id='word_1_216' title='bbox 1628 211 1804 257; x_wconf 88' lang='lat' dir='ltr'><strong>Verum</strong></span> <span class='ocrx_word' id='word_1_217' title='bbox 1842 204 1893 257; x_wconf 89' lang='lat' dir='ltr'><strong>in</strong></span> <span class='ocrx_word' id='word_1_218' title='bbox 1934 228 2077 263; x_wconf 85' lang='lat' dir='ltr'><strong>nervo</strong></span> <span class='ocrx_word' id='word_1_219' title='bbox 2117 218 2270 277; x_wconf 88' lang='lat' dir='ltr'><strong>optico</strong></span> <span class='ocrx_word' id='word_1_220' title='bbox 2305 233 2374 266; x_wconf 86' lang='lat' dir='ltr'><strong>re-</strong></span> 
     </span>
     <span class='ocr_line' id='line_1_42' title="bbox 1365 274 2375 332; baseline 0.013 -15"><span class='ocrx_word' id='word_1_221' title='bbox 1365 276 1509 318; x_wconf 81' lang='lat' dir='ltr'>tinam</span> <span class='ocrx_word' id='word_1_222' title='bbox 1544 275 1826 332; x_wconf 80' lang='lat' dir='ltr'><strong>producente</strong></span> <span class='ocrx_word' id='word_1_223' title='bbox 1854 274 2007 323; x_wconf 75' lang='lat' dir='ltr'><strong>eadem</strong></span> <span class='ocrx_word' id='word_1_224' title='bbox 2046 281 2282 327; x_wconf 71' lang='lat' dir='ltr'><strong>manifesto</strong></span> <span class='ocrx_word' id='word_1_225' title='bbox 2320 283 2375 330; x_wconf 76' lang='lat' dir='ltr'><strong>fi-</strong></span> 
     </span>
     <span class='ocr_line' id='line_1_43' title="bbox 1366 333 2371 405; baseline 0.012 -24"><span class='ocrx_word' id='word_1_226' title='bbox 1366 333 1500 382; x_wconf 85' lang='lat' dir='ltr'><strong>brosa</strong></span> <span class='ocrx_word' id='word_1_227' title='bbox 1528 336 1663 383; x_wconf 79' lang='lat' dir='ltr'><strong>adest.</strong></span> <span class='ocrx_word' id='word_1_228' title='bbox 1748 338 1970 398; x_wconf 85' lang='lat' dir='ltr'><strong>Polypum</strong></span> <span class='ocrx_word' id='word_1_229' title='bbox 2005 343 2154 390; x_wconf 87' lang='lat' dir='ltr'><strong>cordis</strong></span> <span class='ocrx_word' id='word_1_230' title='bbox 2184 346 2371 405; x_wconf 81' lang='lat' dir='ltr'><strong>perinde</strong></span> 
     </span>
     <span class='ocr_line' id='line_1_44' title="bbox 1367 399 2370 457; baseline 0.013 -12"><span class='ocrx_word' id='word_1_231' title='bbox 1367 400 1413 446; x_wconf 88' lang='lat' dir='ltr'><strong>in</strong></span> <span class='ocrx_word' id='word_1_232' title='bbox 1449 399 1707 447; x_wconf 79' lang='lat' dir='ltr'><strong>cellulosam</strong></span> <span class='ocrx_word' id='word_1_233' title='bbox 1732 403 1868 448; x_wconf 83' lang='lat' dir='ltr'><strong>telam</strong></span> <span class='ocrx_word' id='word_1_234' title='bbox 1897 402 2099 453; x_wconf 80' lang='lat' dir='ltr'><strong>resolvit.</strong></span> <span class='ocrx_word' id='word_1_235' title='bbox 2188 410 2370 457; x_wconf 79' lang='lat' dir='ltr'><strong>Nervus</strong></span> 
     </span>
     <span class='ocr_line' id='line_1_45' title="bbox 1367 464 2373 526; baseline 0.004 -16"><span class='ocrx_word' id='word_1_236' title='bbox 1367 464 1487 510; x_wconf 86' lang='lat' dir='ltr'><strong>vidit</strong></span> <span class='ocrx_word' id='word_1_237' title='bbox 1515 465 1572 511; x_wconf 84' lang='lat' dir='ltr'><strong>ad</strong></span> <span class='ocrx_word' id='word_1_238' title='bbox 1606 467 1834 526; x_wconf 84' lang='lat' dir='ltr'><strong>pleuram,</strong></span> <span class='ocrx_word' id='word_1_239' title='bbox 1871 468 1926 513; x_wconf 85' lang='lat' dir='ltr'><strong>ad</strong></span> <span class='ocrx_word' id='word_1_240' title='bbox 1957 470 2268 517; x_wconf 79' lang='lat' dir='ltr'><strong>membranam</strong></span> <span class='ocrx_word' id='word_1_241' title='bbox 2297 491 2373 521; x_wconf 83' lang='lat' dir='ltr'><strong>ex.</strong></span> 
     </span>
     <span class='ocr_line' id='line_1_46' title="bbox 1368 528 2375 591; baseline 0.011 -18"><span class='ocrx_word' id='word_1_242' title='bbox 1368 528 1529 574; x_wconf 84' lang='lat' dir='ltr'><strong>timam</strong></span> <span class='ocrx_word' id='word_1_243' title='bbox 1556 529 1909 590; x_wconf 80' lang='lat' dir='ltr'><strong>diaphragmatis</strong></span> <span class='ocrx_word' id='word_1_244' title='bbox 1938 531 2157 591; x_wconf 84' lang='lat' dir='ltr'><strong>dispersos</strong></span> <span class='ocrx_word' id='word_1_245' title='bbox 2175 568 2188 588; x_wconf 90' lang='lat'>,</span> <span class='ocrx_word' id='word_1_246' title='bbox 2228 538 2375 584; x_wconf 87' lang='lat' dir='ltr'><strong>utin-</strong></span> 
     </span>
     <span class='ocr_line' id='line_1_47' title="bbox 1368 592 2374 657; baseline 0.01 -20"><span class='ocrx_word' id='word_1_247' title='bbox 1368 592 1525 653; x_wconf 84' lang='lat' dir='ltr'><strong>telligo</strong></span> <span class='ocrx_word' id='word_1_248' title='bbox 1546 612 1560 646; x_wconf 81' lang='lat'>3</span> <span class='ocrx_word' id='word_1_249' title='bbox 1616 592 1693 640; x_wconf 87' lang='lat' dir='ltr'><strong>sed</strong></span> <span class='ocrx_word' id='word_1_250' title='bbox 1739 596 1872 640; x_wconf 82' lang='lat' dir='ltr'><strong>etiam</strong></span> <span class='ocrx_word' id='word_1_251' title='bbox 1915 597 2228 657; x_wconf 84' lang='lat' dir='ltr'><strong>cartilaginem</strong></span> <span class='ocrx_word' id='word_1_252' title='bbox 2271 595 2374 647; x_wconf 81' lang='lat' dir='ltr'><strong>fieri</strong></span> 
     </span>
     <span class='ocr_line' id='line_1_48' title="bbox 1370 655 2371 721; baseline 0.009 -20"><span class='ocrx_word' id='word_1_253' title='bbox 1370 655 1582 703; x_wconf 85' lang='lat' dir='ltr'><strong>cellulosa</strong></span> <span class='ocrx_word' id='word_1_254' title='bbox 1599 660 1701 710; x_wconf 86' lang='lat' dir='ltr'><strong>tela,</strong></span> <span class='ocrx_word' id='word_1_255' title='bbox 1729 660 1768 704; x_wconf 69' lang='lat'><strong>81</strong></span> <span class='ocrx_word' id='word_1_256' title='bbox 1792 675 1912 704; x_wconf 78' lang='lat' dir='ltr'><strong>ranae</strong></span> <span class='ocrx_word' id='word_1_257' title='bbox 1937 661 2158 721; x_wconf 81' lang='lat' dir='ltr'><strong>linguam,</strong></span> <span class='ocrx_word' id='word_1_258' title='bbox 2191 664 2233 709; x_wconf 89' lang='lat'>&amp;</span> <span class='ocrx_word' id='word_1_259' title='bbox 2254 662 2371 710; x_wconf 82' lang='lat' dir='ltr'><strong>mus-</strong></span> 
     </span>
     <span class='ocr_line' id='line_1_49' title="bbox 1369 721 2374 776; baseline 0.009 -10"><span class='ocrx_word' id='word_1_260' title='bbox 1369 721 1498 766; x_wconf 90' lang='lat' dir='ltr'><strong>culos</strong></span> <span class='ocrx_word' id='word_1_261' title='bbox 1517 754 1530 773; x_wconf 86' lang='lat'>‚</span> <span class='ocrx_word' id='word_1_262' title='bbox 1564 722 1606 767; x_wconf 80' lang='lat'>&amp;</span> <span class='ocrx_word' id='word_1_263' title='bbox 1629 737 1731 774; x_wconf 83' lang='lat' dir='ltr'><strong>cor,</strong></span> <span class='ocrx_word' id='word_1_264' title='bbox 1763 735 1815 768; x_wconf 84' lang='lat' dir='ltr'><strong>ut</strong></span> <span class='ocrx_word' id='word_1_265' title='bbox 1840 721 1954 770; x_wconf 84' lang='lat' dir='ltr'><strong>fibra</strong></span> <span class='ocrx_word' id='word_1_266' title='bbox 1973 722 2231 773; x_wconf 85' lang='lat' dir='ltr'><strong>musculosa</strong></span> <span class='ocrx_word' id='word_1_267' title='bbox 2256 725 2374 776; x_wconf 84' lang='lat' dir='ltr'><strong>nihil</strong></span> 
     </span>
     <span class='ocr_line' id='line_1_50' title="bbox 1369 782 2373 845; baseline 0.009 -16"><span class='ocrx_word' id='word_1_268' title='bbox 1369 783 1439 837; x_wconf 83' lang='lat' dir='ltr'><strong>fit,</strong></span> <span class='ocrx_word' id='word_1_269' title='bbox 1469 782 1552 830; x_wconf 86' lang='lat' dir='ltr'><strong>nifi</strong></span> <span class='ocrx_word' id='word_1_270' title='bbox 1573 789 1804 845; x_wconf 60' lang='lat' dir='ltr'><strong>commem</strong></span> <span class='ocrx_word' id='word_1_271' title='bbox 1834 790 1924 834; x_wconf 82' lang='lat' dir='ltr'><strong>tela</strong></span> <span class='ocrx_word' id='word_1_272' title='bbox 1954 787 2181 836; x_wconf 84' lang='lat' dir='ltr'><strong>cellulosa.</strong></span> <span class='ocrx_word' id='word_1_273' title='bbox 2251 791 2373 838; x_wconf 86' lang='lat' dir='ltr'><strong>Cum</strong></span> 
     </span>
     <span class='ocr_line' id='line_1_51' title="bbox 1371 848 2373 912; baseline 0.008 -19"><span class='ocrx_word' id='word_1_274' title='bbox 1371 848 1606 895; x_wconf 85' lang='lat' dir='ltr'><strong>tendinem</strong></span> <span class='ocrx_word' id='word_1_275' title='bbox 1621 849 1795 896; x_wconf 84' lang='lat' dir='ltr'><strong>achillis</strong></span> <span class='ocrx_word' id='word_1_276' title='bbox 1825 864 2165 912; x_wconf 83' lang='lat' dir='ltr'><strong>conpungeret‚</strong></span> <span class='ocrx_word' id='word_1_277' title='bbox 2205 856 2373 902; x_wconf 80' lang='lat' dir='ltr'><strong>animal</strong></span> 
     </span>
     <span class='ocr_line' id='line_1_52' title="bbox 1370 912 2373 978; baseline 0.007 -20"><span class='ocrx_word' id='word_1_278' title='bbox 1370 913 1478 959; x_wconf 86' lang='lat' dir='ltr'><strong>alias</strong></span> <span class='ocrx_word' id='word_1_279' title='bbox 1517 912 1729 972; x_wconf 70' lang='lat' dir='ltr'><strong>planxisse</strong></span> <span class='ocrx_word' id='word_1_280' title='bbox 1757 948 1770 967; x_wconf 91' lang='lat'>‚</span> <span class='ocrx_word' id='word_1_281' title='bbox 1824 915 1933 962; x_wconf 82' lang='lat' dir='ltr'><strong>alias</strong></span> <span class='ocrx_word' id='word_1_282' title='bbox 1974 917 2196 971; x_wconf 86' lang='lat' dir='ltr'><strong>minime,</strong></span> <span class='ocrx_word' id='word_1_283' title='bbox 2246 919 2373 978; x_wconf 87' lang='lat' dir='ltr'><strong>quod</strong></span> 
     </span>
     <span class='ocr_line' id='line_1_53' title="bbox 1368 976 2369 1041; baseline 0.007 -19"><span class='ocrx_word' id='word_1_284' title='bbox 1368 992 1475 1023; x_wconf 87' lang='lat' dir='ltr'><strong>acus</strong></span> <span class='ocrx_word' id='word_1_285' title='bbox 1503 977 1552 1023; x_wconf 91' lang='lat' dir='ltr'><strong>in</strong></span> <span class='ocrx_word' id='word_1_286' title='bbox 1575 976 1795 1024; x_wconf 85' lang='lat' dir='ltr'><strong>fibrarum</strong></span> <span class='ocrx_word' id='word_1_287' title='bbox 1823 979 2063 1026; x_wconf 83' lang='lat' dir='ltr'><strong>intervalla</strong></span> <span class='ocrx_word' id='word_1_288' title='bbox 2087 981 2369 1041; x_wconf 73' lang='lat' dir='ltr'><strong>penetraffet,</strong></span> 
     </span>
     <span class='ocr_line' id='line_1_54' title="bbox 1370 1039 2372 1099; baseline 0.007 -13"><span class='ocrx_word' id='word_1_289' title='bbox 1370 1041 1524 1086; x_wconf 85' lang='lat' dir='ltr'><strong>nonin</strong></span> <span class='ocrx_word' id='word_1_290' title='bbox 1545 1039 1695 1088; x_wconf 80' lang='lat' dir='ltr'><strong>fibras.</strong></span> <span class='ocrx_word' id='word_1_291' title='bbox 1742 1041 1919 1089; x_wconf 88' lang='lat' dir='ltr'><strong>Verum</strong></span> <span class='ocrx_word' id='word_1_292' title='bbox 1938 1060 2022 1090; x_wconf 87' lang='lat' dir='ltr'><strong>nos</strong></span> <span class='ocrx_word' id='word_1_293' title='bbox 2043 1061 2140 1091; x_wconf 88' lang='lat' dir='ltr'><strong>non</strong></span> <span class='ocrx_word' id='word_1_294' title='bbox 2166 1061 2266 1099; x_wconf 84' lang='lat' dir='ltr'><strong>acu,</strong></span> <span class='ocrx_word' id='word_1_295' title='bbox 2296 1046 2372 1093; x_wconf 86' lang='lat' dir='ltr'><strong>sed</strong></span> 
     </span>
     <span class='ocr_line' id='line_1_55' title="bbox 1370 1103 2374 1170; baseline 0.006 -20"><span class='ocrx_word' id='word_1_296' title='bbox 1370 1105 1463 1151; x_wconf 84' lang='lat' dir='ltr'><strong>lato</strong></span> <span class='ocrx_word' id='word_1_297' title='bbox 1490 1103 1697 1164; x_wconf 82' lang='lat' dir='ltr'><strong>scalpello</strong></span> <span class='ocrx_word' id='word_1_298' title='bbox 1724 1104 1791 1152; x_wconf 82' lang='lat' dir='ltr'><strong>ufi</strong></span> <span class='ocrx_word' id='word_1_299' title='bbox 1810 1105 1989 1161; x_wconf 83' lang='lat' dir='ltr'><strong>sumus,</strong></span> <span class='ocrx_word' id='word_1_300' title='bbox 2023 1106 2149 1155; x_wconf 82' lang='lat' dir='ltr'><strong>fibris</strong></span> <span class='ocrx_word' id='word_1_301' title='bbox 2162 1126 2259 1155; x_wconf 89' lang='lat' dir='ltr'><strong>non</strong></span> <span class='ocrx_word' id='word_1_302' title='bbox 2273 1126 2374 1170; x_wconf 81' lang='lat' dir='ltr'><strong>par-</strong></span> 
     </span>
     <span class='ocr_line' id='line_1_56' title="bbox 1372 1169 2373 1221; baseline 0.008 -8"><span class='ocrx_word' id='word_1_303' title='bbox 1372 1170 1537 1214; x_wconf 76' lang='lat' dir='ltr'><strong>citum.</strong></span> <span class='ocrx_word' id='word_1_304' title='bbox 1572 1169 1848 1216; x_wconf 87' lang='lat' dir='ltr'><strong>Periosteum</strong></span> <span class='ocrx_word' id='word_1_305' title='bbox 1861 1188 1965 1218; x_wconf 90' lang='lat' dir='ltr'><strong>cum</strong></span> <span class='ocrx_word' id='word_1_306' title='bbox 1979 1172 2246 1220; x_wconf 88' lang='lat' dir='ltr'><strong>tendinibus</strong></span> <span class='ocrx_word' id='word_1_307' title='bbox 2265 1190 2373 1221; x_wconf 90' lang='lat' dir='ltr'><strong>con-</strong></span> 
     </span>
     <span class='ocr_line' id='line_1_57' title="bbox 1371 1232 2373 1296; baseline 0.007 -19"><span class='ocrx_word' id='word_1_308' title='bbox 1371 1232 1558 1278; x_wconf 88' lang='lat' dir='ltr'><strong>tinuari.</strong></span> <span class='ocrx_word' id='word_1_309' title='bbox 1643 1234 1821 1280; x_wconf 89' lang='lat' dir='ltr'><strong>Totum</strong></span> <span class='ocrx_word' id='word_1_310' title='bbox 1845 1252 2010 1296; x_wconf 88' lang='lat' dir='ltr'><strong>corpus</strong></span> <span class='ocrx_word' id='word_1_311' title='bbox 2035 1234 2291 1284; x_wconf 86' lang='lat' dir='ltr'><strong>humanum</strong></span> <span class='ocrx_word' id='word_1_312' title='bbox 2316 1254 2373 1285; x_wconf 87' lang='lat' dir='ltr'><strong>ex</strong></span> 
     </span>
     <span class='ocr_line' id='line_1_58' title="bbox 1372 1295 2373 1354; baseline 0.008 -13"><span class='ocrx_word' id='word_1_313' title='bbox 1372 1297 1524 1343; x_wconf 84' lang='lat' dir='ltr'><strong>nervis</strong></span> <span class='ocrx_word' id='word_1_314' title='bbox 1561 1295 1796 1344; x_wconf 85' lang='lat' dir='ltr'><strong>consistere</strong></span> <span class='ocrx_word' id='word_1_315' title='bbox 1837 1301 1880 1345; x_wconf 82' lang='lat' dir='ltr'><strong>8c</strong></span> <span class='ocrx_word' id='word_1_316' title='bbox 1925 1300 2070 1354; x_wconf 85' lang='lat' dir='ltr'><strong>oriri,</strong></span> <span class='ocrx_word' id='word_1_317' title='bbox 2127 1302 2169 1347; x_wconf 71' lang='grc' dir='ltr'>ἃ</span> <span class='ocrx_word' id='word_1_318' title='bbox 2211 1301 2373 1349; x_wconf 80' lang='lat' dir='ltr'><strong>duram</strong></span> 
     </span>
     <span class='ocr_line' id='line_1_59' title="bbox 1372 1359 2261 1424; baseline 0.009 -19"><span class='ocrx_word' id='word_1_319' title='bbox 1372 1373 1562 1407; x_wconf 83' lang='lat' dir='ltr'><strong>matrem</strong></span> <span class='ocrx_word' id='word_1_320' title='bbox 1591 1359 1819 1409; x_wconf 88' lang='lat' dir='ltr'><strong>musculos</strong></span> <span class='ocrx_word' id='word_1_321' title='bbox 1845 1364 1968 1410; x_wconf 92' lang='lat' dir='ltr'><strong>oculi</strong></span> <span class='ocrx_word' id='word_1_322' title='bbox 1995 1363 2261 1424; x_wconf 84' lang='lat' dir='ltr'><strong>producere.</strong></span> 
     </span>
    </p>
   </div>
   <div class='ocr_carea' id='block_1_14' title="bbox 1370 1442 2373 2322">
    <p class='ocr_par' dir='ltr' id='par_1_15' title="bbox 1370 1442 2373 2322">
     <span class='ocr_line' id='line_1_60' title="bbox 1437 1442 2370 1502; baseline 0.008 -14"><span class='ocrx_word' id='word_1_323' title='bbox 1437 1442 1493 1489; x_wconf 92' lang='lat' dir='ltr'><strong>In</strong></span> <span class='ocrx_word' id='word_1_324' title='bbox 1513 1443 1560 1489; x_wconf 90' lang='lat' dir='ltr'><strong>P.</strong></span> <span class='ocrx_word' id='word_1_325' title='bbox 1577 1443 1634 1489; x_wconf 92' lang='lat'><strong>11.</strong></span> <span class='ocrx_word' id='word_1_326' title='bbox 1659 1454 1786 1490; x_wconf 86' lang='lat' dir='ltr'><strong>totus</strong></span> <span class='ocrx_word' id='word_1_327' title='bbox 1814 1444 1864 1490; x_wconf 89' lang='lat' dir='ltr'><strong>in</strong></span> <span class='ocrx_word' id='word_1_328' title='bbox 1889 1461 1942 1492; x_wconf 91' lang='lat' dir='ltr'><strong>eo</strong></span> <span class='ocrx_word' id='word_1_329' title='bbox 1969 1445 2030 1492; x_wconf 89' lang='lat' dir='ltr'><strong>est</strong></span> <span class='ocrx_word' id='word_1_330' title='bbox 2050 1480 2062 1499; x_wconf 87' lang='lat'>,</span> <span class='ocrx_word' id='word_1_331' title='bbox 2097 1458 2150 1493; x_wconf 87' lang='lat' dir='ltr'><strong>ut</strong></span> <span class='ocrx_word' id='word_1_332' title='bbox 2171 1445 2370 1502; x_wconf 81' lang='lat' dir='ltr'><strong>adserat,</strong></span> 
     </span>
     <span class='ocr_line' id='line_1_61' title="bbox 1371 1507 2372 1558; baseline 0.005 -6"><span class='ocrx_word' id='word_1_333' title='bbox 1371 1507 1525 1553; x_wconf 82' lang='lat' dir='ltr'><strong>nervis</strong></span> <span class='ocrx_word' id='word_1_334' title='bbox 1553 1508 1701 1553; x_wconf 86' lang='lat' dir='ltr'><strong>cordis</strong></span> <span class='ocrx_word' id='word_1_335' title='bbox 1724 1508 1908 1555; x_wconf 80' lang='lat' dir='ltr'><strong>irritatis</strong></span> <span class='ocrx_word' id='word_1_336' title='bbox 1939 1526 2017 1555; x_wconf 89' lang='lat' dir='ltr'><strong>cor</strong></span> <span class='ocrx_word' id='word_1_337' title='bbox 2042 1511 2092 1556; x_wconf 90' lang='lat' dir='ltr'><strong>in</strong></span> <span class='ocrx_word' id='word_1_338' title='bbox 2117 1524 2294 1558; x_wconf 89' lang='lat' dir='ltr'><strong>motum</strong></span> <span class='ocrx_word' id='word_1_339' title='bbox 2316 1528 2372 1557; x_wconf 79' lang='lat' dir='ltr'><strong>ex</strong></span> 
     </span>
     <span class='ocr_line' id='line_1_62' title="bbox 1373 1571 2373 1634; baseline 0.005 -18"><span class='ocrx_word' id='word_1_340' title='bbox 1373 1571 1524 1630; x_wconf 88' lang='lat' dir='ltr'><strong>quiete</strong></span> <span class='ocrx_word' id='word_1_341' title='bbox 1552 1573 1787 1625; x_wconf 78' lang='lat' dir='ltr'><strong>revocari,</strong></span> <span class='ocrx_word' id='word_1_342' title='bbox 1840 1585 1939 1619; x_wconf 86' lang='lat' dir='ltr'><strong>tum</strong></span> <span class='ocrx_word' id='word_1_343' title='bbox 1977 1574 2174 1620; x_wconf 80' lang='lat' dir='ltr'><strong>medulla</strong></span> <span class='ocrx_word' id='word_1_344' title='bbox 2209 1574 2373 1634; x_wconf 85' lang='lat' dir='ltr'><strong>spinali</strong></span> 
     </span>
     <span class='ocr_line' id='line_1_63' title="bbox 1372 1633 2372 1697; baseline 0.004 -16"><span class='ocrx_word' id='word_1_345' title='bbox 1372 1633 1567 1681; x_wconf 80' lang='lat' dir='ltr'><strong>laceffita</strong></span> <span class='ocrx_word' id='word_1_346' title='bbox 1588 1653 1599 1680; x_wconf 73' lang='lat' dir='ltr'><em>z</em></span> <span class='ocrx_word' id='word_1_347' title='bbox 1635 1635 1732 1682; x_wconf 80' lang='lat' dir='ltr'><strong>haec</strong></span> <span class='ocrx_word' id='word_1_348' title='bbox 1752 1636 1882 1683; x_wconf 80' lang='lat' dir='ltr'><strong>aliter</strong></span> <span class='ocrx_word' id='word_1_349' title='bbox 1905 1636 2036 1691; x_wconf 88' lang='lat' dir='ltr'><strong>vidit,</strong></span> <span class='ocrx_word' id='word_1_350' title='bbox 2063 1654 2196 1697; x_wconf 82' lang='lat' dir='ltr'><strong>quam</strong></span> <span class='ocrx_word' id='word_1_351' title='bbox 2219 1640 2372 1685; x_wconf 80' lang='lat' dir='ltr'><strong>SENA-</strong></span> 
     </span>
     <span class='ocr_line' id='line_1_64' title="bbox 1375 1699 2366 1756; baseline 0.003 -10"><span class='ocrx_word' id='word_1_352' title='bbox 1375 1713 1483 1752; x_wconf 80' lang='lat' dir='ltr'>CUS‚</span> <span class='ocrx_word' id='word_1_353' title='bbox 1514 1699 1752 1753; x_wconf 69' lang='lat' dir='ltr'><strong>mes,</strong></span> <span class='ocrx_word' id='word_1_354' title='bbox 1774 1700 2052 1754; x_wconf 72' lang='grc' dir='ltr'><strong>ἙΟΝΤΑΝΑ,</strong></span> <span class='ocrx_word' id='word_1_355' title='bbox 2075 1702 2366 1756; x_wconf 80' lang='lat' dir='ltr'><strong>CALDANUS,</strong></span> 
     </span>
     <span class='ocr_line' id='line_1_65' title="bbox 1370 1765 2370 1824; baseline 0.003 -15"><span class='ocrx_word' id='word_1_356' title='bbox 1370 1765 1417 1809; x_wconf 83' lang='lat'>&amp;</span> <span class='ocrx_word' id='word_1_357' title='bbox 1446 1779 1543 1824; x_wconf 87' lang='lat' dir='ltr'><strong>ego.</strong></span> <span class='ocrx_word' id='word_1_358' title='bbox 1616 1765 1894 1824; x_wconf 75' lang='lat' dir='ltr'><strong>Sanguinem</strong></span> <span class='ocrx_word' id='word_1_359' title='bbox 1934 1781 1959 1811; x_wconf 83' lang='lat' dir='ltr'>a</span> <span class='ocrx_word' id='word_1_360' title='bbox 1984 1777 2130 1811; x_wconf 89' lang='lat' dir='ltr'><strong>morte</strong></span> <span class='ocrx_word' id='word_1_361' title='bbox 2164 1766 2370 1813; x_wconf 81' lang='lat' dir='ltr'><strong>animalis</strong></span> 
     </span>
     <span class='ocr_line' id='line_1_66' title="bbox 1372 1827 2369 1888; baseline 0.003 -15"><span class='ocrx_word' id='word_1_362' title='bbox 1372 1827 1422 1873; x_wconf 86' lang='lat' dir='ltr'><strong>in</strong></span> <span class='ocrx_word' id='word_1_363' title='bbox 1441 1839 1570 1874; x_wconf 86' lang='lat' dir='ltr'><strong>motu</strong></span> <span class='ocrx_word' id='word_1_364' title='bbox 1593 1844 1788 1887; x_wconf 74' lang='lat' dir='ltr'><strong>pergere,</strong></span> <span class='ocrx_word' id='word_1_365' title='bbox 1818 1827 1984 1888; x_wconf 72' lang='lat' dir='ltr'><strong>absque</strong></span> <span class='ocrx_word' id='word_1_366' title='bbox 2010 1829 2158 1876; x_wconf 86' lang='lat' dir='ltr'><strong>cordis</strong></span> <span class='ocrx_word' id='word_1_367' title='bbox 2181 1831 2369 1877; x_wconf 79' lang='lat' dir='ltr'><strong>auxilio.</strong></span> 
     </span>
     <span class='ocr_line' id='line_1_67' title="bbox 1373 1891 2371 1950; baseline 0.002 -13"><span class='ocrx_word' id='word_1_368' title='bbox 1373 1891 1642 1938; x_wconf 77' lang='lat' dir='ltr'><strong>Laudanum</strong></span> <span class='ocrx_word' id='word_1_369' title='bbox 1671 1892 1896 1950; x_wconf 82' lang='lat' dir='ltr'><strong>liquidum</strong></span> <span class='ocrx_word' id='word_1_370' title='bbox 1927 1891 2250 1939; x_wconf 80' lang='lat' dir='ltr'><strong>circumfusum</strong></span> <span class='ocrx_word' id='word_1_371' title='bbox 2273 1910 2371 1939; x_wconf 88' lang='lat' dir='ltr'><strong>mo-</strong></span> 
     </span>
     <span class='ocr_line' id='line_1_68' title="bbox 1373 1955 2370 2016; baseline 0.003 -15"><span class='ocrx_word' id='word_1_372' title='bbox 1373 1966 1470 2001; x_wconf 85' lang='lat' dir='ltr'><strong>tum</strong></span> <span class='ocrx_word' id='word_1_373' title='bbox 1509 1956 1656 2001; x_wconf 82' lang='lat' dir='ltr'><strong>cordis</strong></span> <span class='ocrx_word' id='word_1_374' title='bbox 1693 1955 1984 2016; x_wconf 83' lang='lat' dir='ltr'><strong>supprimere.</strong></span> <span class='ocrx_word' id='word_1_375' title='bbox 2067 1957 2266 2004; x_wconf 87' lang='lat' dir='ltr'><strong>Videtur</strong></span> <span class='ocrx_word' id='word_1_376' title='bbox 2297 1958 2370 2004; x_wconf 84' lang='lat' dir='ltr'><strong>vir</strong></span> 
     </span>
     <span class='ocr_line' id='line_1_69' title="bbox 1374 2018 2369 2081; baseline 0.002 -16"><span class='ocrx_word' id='word_1_377' title='bbox 1374 2020 1442 2065; x_wconf 82' lang='lat' dir='ltr'><strong>Cl.</strong></span> <span class='ocrx_word' id='word_1_378' title='bbox 1467 2019 1563 2064; x_wconf 73' lang='lat' dir='ltr'><strong>illas</strong></span> <span class='ocrx_word' id='word_1_379' title='bbox 1590 2018 1858 2077; x_wconf 76' lang='lat' dir='ltr'><strong>spontaneas</strong></span> <span class='ocrx_word' id='word_1_380' title='bbox 1881 2021 2031 2067; x_wconf 83' lang='lat' dir='ltr'><strong>cordis</strong></span> <span class='ocrx_word' id='word_1_381' title='bbox 2057 2037 2112 2066; x_wconf 83' lang='lat' dir='ltr'><strong>ex</strong></span> <span class='ocrx_word' id='word_1_382' title='bbox 2136 2022 2287 2081; x_wconf 86' lang='lat' dir='ltr'><strong>quiete</strong></span> <span class='ocrx_word' id='word_1_383' title='bbox 2314 2020 2369 2067; x_wconf 80' lang='lat' dir='ltr'><strong>ad</strong></span> 
     </span>
     <span class='ocr_line' id='line_1_70' title="bbox 1373 2081 2371 2145; baseline 0.002 -16"><span class='ocrx_word' id='word_1_384' title='bbox 1373 2094 1551 2129; x_wconf 86' lang='lat' dir='ltr'><strong>motum</strong></span> <span class='ocrx_word' id='word_1_385' title='bbox 1574 2081 1885 2131; x_wconf 81' lang='lat' dir='ltr'><strong>suscitationes</strong></span> <span class='ocrx_word' id='word_1_386' title='bbox 1912 2082 2081 2137; x_wconf 74' lang='lat' dir='ltr'><strong>vidisse,</strong></span> <span class='ocrx_word' id='word_1_387' title='bbox 2109 2097 2218 2145; x_wconf 74' lang='lat' dir='ltr'><strong>quas</strong></span> <span class='ocrx_word' id='word_1_388' title='bbox 2238 2085 2371 2132; x_wconf 77' lang='lat' dir='ltr'>FON-</span> 
     </span>
     <span class='ocr_line' id='line_1_71' title="bbox 1377 2146 2369 2202; baseline 0 -9"><span class='ocrx_word' id='word_1_389' title='bbox 1377 2160 1517 2194; x_wconf 83' lang='grc' dir='ltr'><strong>ΤΛΝΑ</strong></span> <span class='ocrx_word' id='word_1_390' title='bbox 1547 2182 1559 2200; x_wconf 85' lang='grc'>,</span> <span class='ocrx_word' id='word_1_391' title='bbox 1613 2149 1654 2194; x_wconf 72' lang='lat' dir='ltr'><strong>S:</strong></span> <span class='ocrx_word' id='word_1_392' title='bbox 1689 2146 1896 2194; x_wconf 79' lang='lat' dir='ltr'><strong>laceffitis</strong></span> <span class='ocrx_word' id='word_1_393' title='bbox 1939 2149 2091 2194; x_wconf 84' lang='lat' dir='ltr'><strong>nervis</strong></span> <span class='ocrx_word' id='word_1_394' title='bbox 2134 2147 2369 2202; x_wconf 85' lang='lat' dir='ltr'><strong>tribuiffe,</strong></span> 
     </span>
     <span class='ocr_line' id='line_1_72' title="bbox 1373 2212 2371 2274; baseline 0.003 -18"><span class='ocrx_word' id='word_1_395' title='bbox 1373 2227 1472 2270; x_wconf 84' lang='lat' dir='ltr'><strong>quae</strong></span> <span class='ocrx_word' id='word_1_396' title='bbox 1498 2212 1739 2271; x_wconf 83' lang='lat' dir='ltr'><strong>repletioni</strong></span> <span class='ocrx_word' id='word_1_397' title='bbox 1768 2212 1914 2260; x_wconf 82' lang='lat' dir='ltr'><strong>cordis</strong></span> <span class='ocrx_word' id='word_1_398' title='bbox 1933 2213 2120 2259; x_wconf 88' lang='lat' dir='ltr'><strong>interim</strong></span> <span class='ocrx_word' id='word_1_399' title='bbox 2149 2213 2371 2274; x_wconf 83' lang='lat' dir='ltr'><strong>conpletae</strong></span> 
     </span>
     <span class='ocr_line' id='line_1_73' title="bbox 1372 2274 1733 2322; baseline 0 -1"><span class='ocrx_word' id='word_1_400' title='bbox 1372 2275 1514 2321; x_wconf 83' lang='lat' dir='ltr'><strong>tribui</strong></span> <span class='ocrx_word' id='word_1_401' title='bbox 1551 2274 1733 2322; x_wconf 86' lang='lat' dir='ltr'><strong>debent.</strong></span> 
     </span>
    </p>
   </div>
   <div class='ocr_carea' id='block_1_15' title="bbox 1513 2356 2214 2417">
    <p class='ocr_par' dir='ltr' id='par_1_16' title="bbox 1513 2356 2214 2417">
     <span class='ocr_line' id='line_1_74' title="bbox 1513 2356 2214 2417; baseline 0.001 -14"><span class='ocrx_word' id='word_1_402' title='bbox 1513 2373 1555 2417; x_wconf 85' lang='lat' dir='ltr'><strong>p.</strong></span> <span class='ocrx_word' id='word_1_403' title='bbox 1575 2362 1663 2415; x_wconf 82' lang='lat'><strong>625</strong></span> <span class='ocrx_word' id='word_1_404' title='bbox 1701 2356 1813 2403; x_wconf 82' lang='lat' dir='ltr'><strong>adde</strong></span> <span class='ocrx_word' id='word_1_405' title='bbox 1842 2356 1896 2404; x_wconf 86' lang='lat' dir='ltr'><strong>ad</strong></span> <span class='ocrx_word' id='word_1_406' title='bbox 1923 2358 2214 2405; x_wconf 75' lang='lat' dir='ltr'>KLEEMANN</span> 
     </span>
    </p>
   </div>
   <div class='ocr_carea' id='block_1_16' title="bbox 1372 2434 2367 2620">
    <p class='ocr_par' dir='ltr' id='par_1_17' title="bbox 1372 2434 2367 2620">
     <span class='ocr_line' id='line_1_75' title="bbox 1417 2434 2364 2502; baseline 0.004 -19"><span class='ocrx_word' id='word_1_407' title='bbox 1417 2438 1474 2484; x_wconf 91' lang='lat' dir='ltr'><strong>In</strong></span> <span class='ocrx_word' id='word_1_408' title='bbox 1500 2455 1688 2486; x_wconf 78' lang='lat' dir='ltr'><strong>oeconom.</strong></span> <span class='ocrx_word' id='word_1_409' title='bbox 1713 2437 1868 2501; x_wconf 72' lang='lat' dir='ltr'><strong>phyfic.</strong></span> <span class='ocrx_word' id='word_1_410' title='bbox 1897 2438 2142 2502; x_wconf 72' lang='lat' dir='ltr'><strong>Churpfiilz.</strong></span> <span class='ocrx_word' id='word_1_411' title='bbox 2163 2434 2364 2498; x_wconf 72' lang='lat' dir='ltr'><strong>Geftllsch.</strong></span> 
     </span>
     <span class='ocr_line' id='line_1_76' title="bbox 1372 2501 2367 2563; baseline 0.002 -15"><span class='ocrx_word' id='word_1_412' title='bbox 1372 2501 1494 2549; x_wconf 89' lang='lat' dir='ltr'><strong>P.11.</strong></span> <span class='ocrx_word' id='word_1_413' title='bbox 1532 2503 1626 2562; x_wconf 78' lang='lat' dir='ltr'><strong>agit</strong></span> <span class='ocrx_word' id='word_1_414' title='bbox 1654 2503 1708 2548; x_wconf 83' lang='lat' dir='ltr'><strong>de</strong></span> <span class='ocrx_word' id='word_1_415' title='bbox 1733 2502 1989 2558; x_wconf 67' lang='lat' dir='ltr'><strong>scarabaeis,</strong></span> <span class='ocrx_word' id='word_1_416' title='bbox 2028 2505 2082 2550; x_wconf 89' lang='lat' dir='ltr'><strong>de</strong></span> <span class='ocrx_word' id='word_1_417' title='bbox 2119 2517 2367 2563; x_wconf 86' lang='lat' dir='ltr'><strong>eorumque</strong></span> 
     </span>
     <span class='ocr_line' id='line_1_77' title="bbox 1373 2566 1992 2620; baseline 0.003 -7"><span class='ocrx_word' id='word_1_418' title='bbox 1373 2566 1499 2620; x_wconf 87' lang='lat' dir='ltr'><strong>ovis,</strong></span> <span class='ocrx_word' id='word_1_419' title='bbox 1534 2569 1576 2613; x_wconf 76' lang='lat' dir='ltr'><strong>Sc</strong></span> <span class='ocrx_word' id='word_1_420' title='bbox 1605 2569 1712 2613; x_wconf 83' lang='lat' dir='ltr'><strong>vitae</strong></span> <span class='ocrx_word' id='word_1_421' title='bbox 1737 2568 1992 2615; x_wconf 82' lang='lat' dir='ltr'><strong>duratione.</strong></span> 
     </span>
    </p>
   </div>
   <div class='ocr_carea' id='block_1_17' title="bbox 1502 2650 2209 2711">
    <p class='ocr_par' dir='ltr' id='par_1_18' title="bbox 1502 2650 2209 2711">
     <span class='ocr_line' id='line_1_78' title="bbox 1502 2650 2209 2711; baseline 0 -14"><span class='ocrx_word' id='word_1_422' title='bbox 1502 2664 1506 2668; x_wconf 73' lang='grc'>’</span> <span class='ocrx_word' id='word_1_423' title='bbox 1529 2665 1575 2709; x_wconf 87' lang='lat' dir='ltr'><strong>p.</strong></span> <span class='ocrx_word' id='word_1_424' title='bbox 1598 2655 1692 2707; x_wconf 86' lang='lat'><strong>627</strong></span> <span class='ocrx_word' id='word_1_425' title='bbox 1722 2650 1753 2697; x_wconf 89' lang='lat'><strong>1.</strong></span> <span class='ocrx_word' id='word_1_426' title='bbox 1776 2662 1796 2695; x_wconf 94' lang='lat'>1</span> <span class='ocrx_word' id='word_1_427' title='bbox 1835 2650 1932 2711; x_wconf 86' lang='lat' dir='ltr'><strong>lege</strong></span> <span class='ocrx_word' id='word_1_428' title='bbox 1956 2650 2209 2697; x_wconf 77' lang='lat' dir='ltr'><strong>BANCHEM</strong></span> 
     </span>
    </p>
   </div>
   <div class='ocr_carea' id='block_1_18' title="bbox 1607 2728 2143 2791">
    <p class='ocr_par' dir='ltr' id='par_1_19' title="bbox 1607 2728 2143 2791">
     <span class='ocr_line' id='line_1_79' title="bbox 1607 2728 2143 2791; baseline -0.004 -13"><span class='ocrx_word' id='word_1_429' title='bbox 1607 2732 1636 2778; x_wconf 94' lang='lat' dir='ltr'><strong>l.</strong></span> <span class='ocrx_word' id='word_1_430' title='bbox 1655 2743 1677 2788; x_wconf 84' lang='lat'>3</span> <span class='ocrx_word' id='word_1_431' title='bbox 1713 2728 1845 2791; x_wconf 87' lang='lat' dir='ltr'><strong>supra</strong></span> <span class='ocrx_word' id='word_1_432' title='bbox 1871 2730 2009 2777; x_wconf 86' lang='lat' dir='ltr'><strong>imam</strong></span> <span class='ocrx_word' id='word_1_433' title='bbox 2031 2731 2143 2778; x_wconf 84' lang='lat' dir='ltr'><strong>adde</strong></span> 
     </span>
    </p>
   </div>
   <div class='ocr_carea' id='block_1_19' title="bbox 1371 2807 2371 3062">
    <p class='ocr_par' dir='ltr' id='par_1_20' title="bbox 1371 2807 2371 3062">
     <span class='ocr_line' id='line_1_80' title="bbox 1421 2807 2370 2869; baseline -0.002 -16"><span class='ocrx_word' id='word_1_434' title='bbox 1421 2807 1463 2869; x_wconf 91' lang='lat' dir='ltr'><strong>J.</strong></span> <span class='ocrx_word' id='word_1_435' title='bbox 1488 2808 1555 2855; x_wconf 87' lang='lat' dir='ltr'><strong>M.</strong></span> <span class='ocrx_word' id='word_1_436' title='bbox 1576 2808 1816 2856; x_wconf 79' lang='lat' dir='ltr'>WINTER</span> <span class='ocrx_word' id='word_1_437' title='bbox 1845 2826 1901 2855; x_wconf 80' lang='lat' dir='ltr'><strong>an</strong></span> <span class='ocrx_word' id='word_1_438' title='bbox 1912 2809 2035 2867; x_wconf 72' lang='grc' dir='ltr'><em>[ὲὲἶίο</em></span> <span class='ocrx_word' id='word_1_439' title='bbox 2064 2809 2306 2854; x_wconf 74' lang='lat' dir='ltr'><strong>anatomica</strong></span> <span class='ocrx_word' id='word_1_440' title='bbox 2325 2808 2370 2851; x_wconf 79' lang='lat' dir='ltr'><strong>in</strong></span> 
     </span>
     <span class='ocr_line' id='line_1_81' title="bbox 1371 2869 2371 2934; baseline 0 -17"><span class='ocrx_word' id='word_1_441' title='bbox 1371 2870 1654 2918; x_wconf 81' lang='lat' dir='ltr'><strong>cadaveribus</strong></span> <span class='ocrx_word' id='word_1_442' title='bbox 1687 2870 1740 2917; x_wconf 78' lang='lat' dir='ltr'><strong>de</strong></span> <span class='ocrx_word' id='word_1_443' title='bbox 1763 2871 2004 2918; x_wconf 80' lang='lat' dir='ltr'><strong>autochiria</strong></span> <span class='ocrx_word' id='word_1_444' title='bbox 2019 2870 2217 2934; x_wconf 63' lang='lat' dir='ltr'><strong>fitspeft‘is</strong></span> <span class='ocrx_word' id='word_1_445' title='bbox 2258 2869 2371 2928; x_wconf 83' lang='lat' dir='ltr'><strong>Hei-</strong></span> 
     </span>
     <span class='ocr_line' id='line_1_82' title="bbox 1375 2934 2365 3062; baseline 0 -80"><span class='ocrx_word' id='word_1_446' title='bbox 1375 2934 1557 2999; x_wconf 87' lang='lat' dir='ltr'><strong>delberg</strong></span> <span class='ocrx_word' id='word_1_447' title='bbox 1579 2940 1713 2997; x_wconf 85' lang='lat'>1766.</span> <span class='ocrx_word' id='word_1_448' title='bbox 1733 2947 1780 2995; x_wconf 84' lang='grc'><strong>4.</strong></span> <span class='ocrx_word' id='word_1_449' title='bbox 1819 2936 2038 2985; x_wconf 61' lang='grc' dir='ltr'><strong>ΧΨΕΒΕΚ.</strong></span> <span class='ocrx_word' id='word_1_450' title='bbox 2210 3016 2255 3062; x_wconf 45' lang='grc' dir='ltr'><strong>Ρ.</strong></span> <span class='ocrx_word' id='word_1_451' title='bbox 2276 3002 2365 3052; x_wconf 78' lang='lat'><strong>628</strong></span> 
     </span>
    </p>
   </div>
  </div>
 </body>
</html>
