2531 3394
766 107 803 160 ς.
848 109 978 161 1068.
1048 80 1336 154 &amns
1388 103 1707 154 CAMPER.
1956 88 1957 91 ’
2177 118 2269 169 397

266 267 271 271 ·
334 201 392 284 In
425 227 788 299 verbandelingen
822 235 900 283 der
925 237 1040 284 Hau.
1065 225 1360 298 maatschappy
1390 234 1470 281 der
1503 235 1801 299 wetenschapp
1831 232 1888 285 T.
1908 238 1991 286 VI.
2018 240 2120 289 -Ρ,Ι.
2155 241 2266 288 anni

210 305 302 358 176
313 313 345 347 ι,
374 300 452 354 3.*
489 302 687 362 primum
712 303 798 349 iter
824 301 1003 348 testium
1024 302 1073 347 in
1096 299 1296 348 scrotum
1318 297 1537 347 ‘describit
1555 334 1567 354 ,
1604 300 1767 348 nostris
1801 318 1896 348 non
1919 302 2021 351 vilis
2039 340 2050 357 ‚
2095 319 2154 353 ut
2186 322 2269 353 no-

204 363 291 411 stra
323 364 582 412 confirmet.

335 447 410 508 EJ.
455 451 521 493 De
540 446 735 508 partibus
751 446 1002 509 genitalibus
1025 445 1186 507 busonis
1201 441 1402 504 *Brafilici
1427 449 1550 508 Pipa.
1594 447 1699 493 Ova
1720 448 1906 508 perinde
1926 448 1970 493 in
1992 461 2124 496 utero
2144 450 2265 504 stant,

210 527 289 571 per
317 513 475 558 tubam
498 509 802 565 resorbentur,
836 527 912 572 per
932 509 1385 558 reetumintestinum
1410 526 1685 572 egeruntur,
1722 525 1776 558 ut
1798 513 1847 558 in
1868 512 2063 559 nostrate
2078 514 2265 562 bufone.

337 591 776 654 lnsverlmndelingen
803 591 898 648 &a
929 594 982 640 T.
1000 593 1102 640 VII.
1131 593 1173 640 P.
1189 592 1224 639 I.
1255 592 1349 653 agit
1377 593 1431 639 de
1458 593 1650 654 vagina,
1690 610 1767 654 per
1788 611 1924 655 quam
1944 594 2074 642 testes
2099 596 2149 642 in
2175 594 2271 643 fetu

208 669 313 704 ante
337 670 517 718 partum
539 671 618 704 aut
636 656 733 717 post
759 673 862 703 eum
887 655 1168 703 descendunt
1184 691 1196 710 ‚
1237 673 1314 717 per
1330 659 1662 717 experimenta,
1691 659 1750 704 ib.
1785 674 1823 705 a.
1845 665 1978 716 1758.
2006 658 2137 706 faeta.

338 740 473 786 IDEM
493 738 544 785 de
560 740 725 800 organis
746 737 920 784 auditus
931 737 1110 800 piscium
1132 758 1144 783 .·
1179 738 1232 784 de
1247 738 1479 785 canalibus
1496 738 1640 786 tribus
1661 737 2083 794 semicircularibus,
2108 740 2277 789 tribus-

210 819 297 864 que
325 802 514 863 capsulis
535 803 864 863 cartilagineis,
898 804 946 849 in
966 803 1132 862 quibus
1162 802 1323 854 nervi3
1366 803 1550 848 demum
1575 803 1628 849 de
1656 802 1797 857 sacco,
1829 806 1879 852 in
1909 822 2001 866 quo
2025 823 2177 853 unum
2194 821 2274 853 auc

214 870 308 913 duo
338 866 425 913 sint
455 865 664 919 officula,
708 864 840 927 super
872 883 1006 926 quem
1036 865 1210 913 saccum
1241 867 1370 912 nervi
1397 868 1631 914 innumeri
1674 870 1896 929 paulatim
1931 871 2160 918 breviores
2200 886 2278 917 ex-

212 931 483 978 tenduntur.
552 930 774 977 Auditum
797 930 993 990 piscibus
1017 947 1114 976 non
1138 944 1289 992 negat.

341 1014 397 1059 In
418 1012 593 1060 T.V11.
626 1013 747 1058 P.11.
781 1014 875 1074 agit
909 1012 963 1058 de
1003 1013 1113 1058 lacte
1155 1014 1197 1058 &
1231 1012 1504 1059 educatione
1535 1030 1795 1074 puerorum.
1867 1015 2006 1064 Varia
2039 1016 2277 1071 notabilia.

213 1076 374 1136 Capita
395 1072 636 1122 difformia.
706 1078 776 1122 De
805 1076 1066 1122 membrana
1095 1077 1333 1137 pupillari,
1373 1094 1509 1137 quam
1533 1079 1728 1127 ALmNo
1760 1080 1958 1127 tribuit:
1998 1083 2041 1128 Sc
2065 1079 2201 1127 semel
2227 1081 2278 1128 in

210 1138 311 1187 fetu
339 1156 483 1201 nuper
503 1152 612 1185 nato
639 1137 835 1186 clausam
859 1140 991 1187 vidit.
2096 1156 2103 1158 ·

341 1222 397 1267 In
419 1221 473 1266 Τ.
488 1221 571 1266 IX.
606 1221 754 1268 P.111.
792 1221 846 1267 de
873 1238 1044 1282 organo
1071 1220 1257 1269 auditus
1289 1223 1375 1270 ceti
1397 1222 1639 1272 Cachillot.
1705 1226 1815 1273 Tria
1847 1225 1986 1274 habet
2017 1225 2147 1274 solita
2177 1225 2280 1274 ossi-

213 1285 314 1332 cula
343 1286 384 1330 &
414 1283 643 1330 cochleam
662 1319 673 1339 ,
706 1288 857 1332 nullos
876 1287 1052 1332 canales
1070 1284 1434 1334 semicirculares.
1504 1290 1698 1337 Malleus
1717 1307 1875 1350 parum
1902 1292 2107 1339 mobilis:
2145 1291 2280 1339 coch-

212 1351 292 1396 leae
319 1345 410 1394 fere
432 1348 532 1395 duae
552 1347 694 1410 spirae.
765 1351 821 1396 In
844 1350 1073 1396 crocodilo
1098 1352 1286 1398 malleus
1319 1354 1360 1398 &
1383 1351 1647 1400 membrana
1678 1356 1886 1416 tympani
1919 1355 2005 1411 est,
2037 1358 2079 1404 &
2102 1357 2281 1404 canales

211 1411 590 1467 semicirculares,
626 1413 809 1460 cochlea
832 1415 972 1460 nulla.
1042 1415 1111 1461 Cl.
1128 1416 1414 1463 GEOFFROY
1438 1415 1596 1478 passim
1622 1420 1823 1481 corrigit.

341 1494 545 1542 Libellus
575 1494 627 1541 de
652 1497 842 1557 restituto
863 1495 962 1554 naso
989 1496 1068 1542 vix
1090 1495 1182 1543 huc
1213 1498 1427 1558 pertinet.

341 1576 399 1623 In
428 1574 786 1638 verhagzdelingen
805 1578 883 1624 der
908 1576 1144 1639 bataffche
1178 1578 1459 1642 Ginootschap
1485 1582 1619 1629 Tom.
1637 1583 1673 1629 I.
1707 1582 1780 1630 vir
1801 1584 1899 1632 ILL.
1935 1583 1988 1631 de
2023 1592 2122 1632 aere
2161 1585 2280 1647 egit,

214 1641 295 1702 qui
321 1657 376 1687 ex
399 1634 576 1700 pectore
604 1643 645 1687 &
678 1641 920 1687 abdomine
954 1643 1109 1689 avium
1141 1644 1275 1691 altius
1300 1646 1586 1700 volantium,
1622 1649 1674 1693 in
1714 1665 1872 1696 earum
1907 1648 2179 1703 humerum,
2216 1649 2282 1697 fe-

214 1721 320 1752 mur
339 1739 351 1758 ,
388 1704 588 1750 {ternum
604 1739 615 1758 ‚
647 1706 876 1752 vertebras
897 1740 910 1759 ,
947 1706 1088 1752 costas
1110 1720 1312 1766 penetrat
1331 1742 1345 1761 ,
1380 1721 1435 1756 ut
1460 1726 1536 1769 per
1561 1727 1611 1757 ea
1632 1710 1719 1758 offa
1742 1711 1912 1760 inserto
1941 1714 2105 1760 tubulo
2127 1712 2282 1761 vesicae

216 1770 304 1817 illae
331 1769 576 1829 pectorales
612 1771 654 1815 &
683 1770 990 1816 abdominales
1020 1768 1175 1817 instari
1204 1768 1388 1832 poffint.
1455 1774 1510 1820 In
1535 1776 1693 1823 avibus
1715 1777 1874 1824 altiora
1893 1794 1989 1825 non
2020 1779 2282 1839 petentibus

215 1831 398 1880 humeri
422 1830 509 1878 offa
538 1833 781 1880 medullam
809 1832 1003 1888 habent,
1039 1831 1205 1895 absque
1227 1842 1341 1885 aere.

344 1917 474 1963 IBID.
522 1915 616 1975 agit
651 1914 704 1960 de
732 1913 1054 1970 instrumento,
1089 1917 1220 1978 cujus
1264 1935 1348 1978 ope
1385 1935 1504 1966 ranae
1544 1934 1754 1970 coaxant.
1821 1924 1940 1970 Duae
1973 1921 2128 1971 veficae
2157 1922 2282 1978 sunt,

216 1981 267 2028 in
298 1992 408 2041 quas
436 1979 642 2039 proxime
668 1979 905 2039 glottidem
939 1996 1016 2040 per
1038 1981 1232 2027 totidem
1258 1982 1369 2029 ostia
1392 1991 1465 2029 aer
1492 1981 1639 2038 subit,
1675 2003 1808 2046 quem
1849 1989 2016 2035 animal
2051 2005 2134 2048 pro
2163 1990 2283 2036 lubi-

218 2058 272 2093 tu
307 2061 362 2090 ex
384 2040 538 2090 vesicis
563 2043 727 2103 pellere
749 2043 918 2103 potest,
955 2047 1185 2091 contracta
1204 2079 1217 2099 ,
1255 2063 1344 2106 qua
1369 2048 1691 2103 obducuntur,
1729 2049 1979 2098 musculosa
2002 2055 2172 2100 tunica.

263 2178 269 2181 ,
344 2127 472 2173 IBID.
509 2124 619 2171 dum
641 2141 765 2171 veras
787 2121 1088 2172 dimensiones
1111 2126 1279 2173 elastici
1304 2126 1526 2175 bracherii
1551 2132 1820 2187 meditatur,
1859 2133 2101 2181 diametros
2139 2133 2286 2189 homi-

219 2191 291 2237 nis
321 2190 510 2236 metitur
539 2205 595 2234 ex
626 2191 825 2235 ALBINO
858 2190 898 2235 &
921 2188 1092 2236 statuis.
1161 2191 1409 2238 Rationem
1432 2192 1638 2241 diametri
1660 2196 1924 2245 transversae
1948 2199 2003 2244 ad
2030 2197 2117 2245 offa
2152 2199 2285 2245 ilium

219 2256 271 2304 in
302 2255 402 2300 viro
431 2253 611 2300 invenit
644 2265 715 2298 10.
751 2265 795 2311 7.
819 2253 869 2298 in
890 2250 1061 2299 femina
1092 2264 1144 2300 ut
1174 2256 1268 2315 11}
1300 2257 1368 2316 73„

348 2336 485 2381 IDEM
527 2334 577 2382 in
608 2331 899 2395 hedendaegze
930 2334 1058 2381 letter
1092 2335 1348 2399 oeffiningen
1382 2338 1438 2385 T.
1454 2338 1538 2386 III.
1577 2355 1623 2386 n.
1644 2353 1689 2399 7.
1719 2342 1915 2401 junioris
1956 2344 2186 2405 elephanti
2216 2347 2286 2391 in-

222 2397 436 2447 cisionem
468 2396 605 2444 dedit.
675 2398 923 2444 Cerebrum
948 2414 1043 2444 non
1071 2401 1201 2446 valde
1234 2418 1451 2461 parvum,
1491 2405 1532 2450 &
1560 2402 1698 2451 fimile
1725 2406 1931 2455 humani.
2000 2411 2194 2456 Nullum
2233 2424 2285 2453 os

223 2463 398 2515 cordis,
436 2463 572 2507 nullae
592 2462 816 2522 glandulae
835 2461 982 2508 cordis
1005 2463 1321 2513 DUVERNOY.
1389 2467 1550 2527 Magni
1574 2466 1687 2515 sacci
1707 2474 1808 2517 coli.
1878 2473 1962 2518 Pro
1982 2472 2170 2518 vesicula
2195 2488 2288 2518 am-

222 2529 357 2588 pliter
383 2525 596 2572 dilatatus
619 2526 780 2572 ductus
799 2524 1044 2585 hepaticus.
1114 2529 1227 2575 Non
1256 2530 1422 2590 mingit
1440 2529 1706 2579 retrorsum.
1777 2537 1898 2582 Οέὶο
1920 2540 1960 2582 &
1982 2538 2135 2582 decem
2163 2537 2285 2583 renis

223 2591 476 2643 tubercula,
509 2591 552 2636 &
577 2589 768 2636 totidem
793 2601 1004 2636 ureteres.
1073 2591 1226 2639 Testes
1255 2593 1311 2639 ad
1335 2610 1464 2641 renes
1496 2595 1550 2641 ad
1573 2599 1860 2657 peritoneum
1883 2599 2127 2646 adhaerent.

352 2672 490 2719 IDEM
531 2671 582 2717 in
621 2669 780 2716 eodem
815 2671 974 2717 Diario
1004 2671 1086 2719 IV.
1127 2685 1238 2722 n.2.
1287 2675 1341 2721 de
1371 2675 1564 2724 invento
1603 2680 1694 2738 jam
1736 2697 1857 2726 anno
1900 2694 2036 2739 1771.
2085 2681 2199 2728 a'e'ris
2238 2681 2289 2727 ia

224 2736 380 2783 avium
413 2734 501 2782 offa
532 2745 804 2782 commeatu.
893 2735 1091 2782 Caveam
1137 2739 1279 2785 cranii
1309 2755 1414 2787 curn
1452 2742 1565 2788 tuba
1601 2743 1750 2790 EuST.
1793 2746 2143 2792 communicare.
2230 2746 2288 2792 In

224 2798 427 2846 casuario
447 2833 459 2852 ‚
497 2801 540 2846 ὃς
575 2797 972 2852 struthiocamelo,
1017 2801 1178 2850 avibus
1201 2819 1297 2849 non
1323 2805 1611 2859 volantibus,
1650 2808 1803 2853 nullus
1833 2821 1887 2853 ut
1917 2810 1965 2854 in
1993 2810 2090 2856 aliis
2122 2808 2287 2855 avibus

226 2869 301 2908 aer
325 2861 411 2909 offa
433 2862 612 2910 humeri
634 2860 780 2916 subit,
818 2864 976 2924 utique
1002 2881 1110 2911 vero
1136 2866 1186 2912 in
1213 2868 1385 2927 reliqua
1412 2867 1515 2922 offa,
1550 2872 1591 2916 ἃ
1618 2886 1671 2916 ex
1693 2871 1936 2918 abdomine
1965 2875 2007 2919 ἃ
2034 2873 2084 2920 in
2111 2890 2161 2919 ea
2180 2872 2285 2925 offa,

229 2926 275 2972 δε
304 2926 356 2973 in
376 2928 576 2975 canalem
607 2926 817 2977 medullae
845 2925 1058 2991 spinalis,
1101 2931 1243 2992 inque
1276 2929 1416 2990 ipsam
1458 2934 1689 2980 maxillam
1715 2931 1995 2985 inferiorem.
2074 2937 2201 2985 Aeris
2238 2938 2288 2981 in

1227 2995 1273 3042 D
1298 2995 1326 3041 d
1362 2994 1390 3041 d
1429 3005 1451 3051 3
2119 2998 2290 3048 offibus
