2531 3394
846 136 885 188 §-
929 144 1064 192 1114.
1106 141 1242 190 1115.
1310 128 1357 177 V
1388 127 1427 175 A
1461 128 1503 176 R
1535 128 1558 177 1
1592 129 1631 177 Ι.
2175 137 2270 192 465

345 261 403 309 In
434 261 523 311 Vol.
540 261 589 309 L.
618 262 664 308 P.
684 272 726 308 2.
757 262 850 322 agit
875 263 929 308 de
961 263 1132 309 murice
1159 260 1319 307 edente
1355 274 1616 320 purpuram.
1699 259 2026 310 De.vermibus
2060 259 2270 323 spongia-

217 342 347 380 rum,
383 328 579 387 quinon
609 325 695 372 sint
727 327 907 388 polypi,
940 342 1088 386 neque
1115 323 1204 372 suae
1226 322 1426 384 spongiae
1452 324 1658 384 proprii,
1695 322 1749 368 de
1774 324 1961 369 animale
1995 341 2050 370 ex
2079 328 2270 387 polypo·-

215 406 320 437 rum
347 406 525 451 genere.

350 469 529 518 Thomas
553 473 844 519 DEBENHAM
863 505 877 526 ,
913 469 1143 530 chirurgi,
1178 470 1340 516 relatio
1368 469 1422 515 de
1443 466 1627 521 femina,
1657 484 1712 514 ex
1733 484 1820 529 qua
1846 484 1923 529 per
1947 465 2184 514 absceffum
2211 469 2272 516 fe-

217 547 290 582 tus
314 534 402 581 offa
427 537 585 582 educhi
609 535 809 582 fuerunt.

345 617 401 662 In
435 618 540 677 Hist.
571 616 624 662 de
648 616 820 662 l'Acad.
856 615 926 660 des
954 619 1020 661 Sc.
1052 626 1185 672 1751.
1218 613 1338 661 fctus
1364 631 1417 660 ex
1440 613 1623 660 duabus
1649 610 1773 673 quasi
1803 613 1965 673 puellis
1997 609 2273 672 compositus

216 696 293 741 per
322 683 502 741 perstora
524 681 758 732 connatis,
797 695 904 725 cum
926 680 1051 724 brevi
1078 690 1301 724 anatome.

338 763 494 809 Partus
520 761 694 807 decimo
720 760 815 820 post
846 762 1042 820 priorem
1069 761 1155 807 die.

345 843 685 891 Inflammabilie
712 859 853 902 vapor
877 858 1116 902 erumpens
1147 842 1200 887 de
1221 842 1352 888 bovis
1379 841 1653 888 ventriculo.

339 925 428 972 Hic
459 926 500 970 ὃς
533 924 640 970 alibi
672 924 836 969 tabulae
866 926 1132 970 emortuales
1168 926 1208 970 &
1236 923 1406 968 natales
1432 921 1694 970 Parifienses
1721 921 1962 971 habentur.

340 1007 410 1053 Sic
443 1003 747 1052 Londinenses
771 1006 819 1050 in
853 1006 1100 1052 Gentleman
1129 1009 1381 1066 Magazine.

337 1088 392 1133 In
409 1091 458 1133 K.
478 1086 671 1145 Swenska
691 1085 899 1144 Wetensk.
923 1086 1089 1132 Handl.
1113 1099 1247 1142 1751.
1275 1085 1762 1140 Frid.HAssELQU18T
1793 1085 1845 1132 de
1875 1084 1974 1132 salis
1993 1087 2271 1136 ammoniaci

213 1150 532 1202 destillatione,
571 1167 703 1210 quam
733 1151 941 1195 cominus
965 1152 1014 1195 in
1042 1153 1242 1209 Aegypto
1265 1150 1399 1201 vidit.
1468 1154 1588 1195 Ante
1616 1149 1753 1195 salem
1787 1150 1941 1196 acidus
1977 1151 2141 1197 humor
2168 1168 2266 1198 non

211 1217 418 1276 ingratus
443 1211 682 1259 adscendit.
755 1215 901 1259 Omni
930 1230 1092 1274 genere
1116 1213 1213 1259 fimi
1236 1225 1449 1260 utuntur.
1520 1214 1666 1260 Salem
1696 1214 1821 1260 addit
1842 1216 2039 1275 regionis
2071 1228 2232 1262 natura
2253 1249 2270 1269 ,

213 1281 345 1339 cujus
370 1276 514 1338 ipsum
544 1293 728 1336 gramen
758 1275 843 1323 sale
867 1279 1013 1323 multo
1038 1290 1329 1338 temperatur.
1992 1279 2006 1288 ⁴

338 1360 393 1405 In
434 1363 588 1404 itinere
622 1358 845 1418 Pczlcestinae
877 1358 915 1417 s
943 1359 1040 1418 resa
1074 1359 1127 1404 til
1155 1358 1291 1420 heliga
1328 1358 1479 1405 landet
1523 1357 1764 1406 Stokholm
1797 1372 1932 1417 1757.
1968 1357 2044 1413 8.*
2078 1357 2269 1419 piscium

209 1422 421 1486 plusculae
445 1421 709 1474 incifioncs‚
756 1425 797 1468 ὃς
834 1423 957 1468 varia
992 1424 1184 1481 reperias
1217 1424 1271 1469 ad
1313 1421 1545 1468 historiam
1582 1422 1876 1476 animalium,
1923 1424 2107 1475 dentes,
2161 1425 2271 1469 alias

207 1500 354 1548 partes
376 1485 670 1545 conspicuas,
709 1484 923 1533 humores
959 1488 999 1533 &
1025 1487 1143 1535 vires
1180 1486 1374 1533 medicas
1417 1485 1676 1547 spectantia.
1755 1489 1810 1533 In
1842 1503 2004 1533 cancro
2043 1488 2273 1548 Aegyptio·

207 1553 366 1598 oculus
399 1551 612 1596 anulatis.

336 1633 391 1679 In
423 1630 791 1693 Hamburgischen
816 1636 1032 1696 Magazin
1061 1633 1117 1680 T.
1137 1633 1242 1681 VII.
1278 1644 1414 1692 1751.
1457 1632 1550 1694 agit
1592 1648 1850 1693 anonymus
1891 1632 1944 1679 de
1987 1629 2188 1693 catalepsi
2222 1633 2267 1678 &

206 1695 665 1743 somnambulatione.

337 1779 424 1824 Vir
454 1778 554 1824 ILL.
590 1775 807 1824 Abraham
837 1776 1283 1839 GotthilfKAESTNER
1302 1780 1351 1825 in
1375 1780 1432 1826 T.
1448 1779 1579 1825 VIII.
1607 1776 1845 1824 discrimen
1874 1777 2100 1831 ostendit,
2139 1776 2270 1838 quod:

206 1843 392 1888 oculum
419 1842 538 1888 inter
562 1841 622 1888 est
646 1844 688 1887 &
711 1843 939 1888 lucernam
962 1845 1193 1903 magicam.
1265 1844 1319 1889 In
1351 1845 1485 1889 oculo
1511 1843 1660 1888 anima
1691 1858 1783 1888 rem
1809 1841 1949 1902 ipsam
1976 1842 2102 1889 videt
2121 1876 2133 1894 ‚
2171 1857 2272 1889 non

205 1906 478 1968 imaginem,
513 1906 563 1951 in
588 1907 772 1952 lucerna
796 1906 1056 1967 imaginem.
1126 1910 1281 1964 Quare
1316 1907 1476 1953 oculus
1506 1908 1650 1951 creora
1675 1906 1815 1952 videt.

335 1988 469 2035 IDEM
498 1988 546 2033 in
569 1986 933 2049 HambsMagaz.
954 1988 1008 2034 T.
1024 1988 1108 2034 XI.
1141 1988 1195 2035 de
1222 1987 1397 2035 infante
1422 1988 1580 2034 bienni
1604 1987 1827 2047 pendente
1852 1987 1985 2035 libras
2013 1994 2087 2042 82.

335 2069 391 2115 In
424 2070 478 2115 T.
499 2069 630 2115 XIV.
662 2069 1032 2128 Experimentum
1069 2071 1519 2117 SCHEINERIANUM.
1589 2069 1642 2114 ld
1678 2069 1741 2114 ita
1766 2069 1837 2114 vir
1864 2070 2266 2125 Irnemendavitq

204 2146 258 2179 ut
291 2149 368 2193 per
406 2133 497 2178 duo
523 2131 748 2178 foramina
776 2132 831 2177 ad
857 2131 1019 2192 justam
1051 2133 1307 2180 distantiam
1331 2133 1548 2194 simplices
1569 2133 1811 2192 adpareant
1841 2130 2025 2187 faculae,
2063 2134 2272 2196 duplices-

203 2195 237 2243 fi
265 2196 454 2257 propius
479 2197 549 2243 vel
577 2196 797 2242 remotius
827 2194 982 2256 positae
1016 2194 1170 2243 fuerit.

332 2278 402 2324 Ad
438 2277 562 2323 hunc
590 2293 762 2323 annum
786 2290 920 2335 1751.
947 2279 1145 2338 pertinet
1165 2280 1340 2325 Tomus
1364 2279 1399 2324 Ι.
1454 2281 1864 2326 θοικηιεητιινίοντιηι
1905 2281 2127 2326 Societatis
2159 2283 2267 2342 Reg,

203 2344 489 2389 Scientiarum
518 2340 807 2402 thtingenfis.
840 2343 919 2399 4.*
984 2344 1251 2389 Anatomica
1277 2344 1427 2402 aliqua
1449 2342 1598 2388 nostra
1630 2342 1850 2387 continet.

334 2424 436 2469 Hoc
462 2423 598 2468 etiam
627 2422 784 2467 eodem
809 2438 930 2468 anno
959 2424 1127 2483 prodiit
1161 2425 1194 2470 1.
1229 2425 1448 2470 volumen
1482 2425 1685 2470 Aflorum
1720 2422 2049 2469 Helvericorzmz
2076 2423 2264 2483 pli-ifico-

202 2484 525 2533 mathematico·
545 2486 772 2532 botmzico-
791 2485 1049 2532 medicorzmz
1096 2486 1221 2534 Bafil.
1246 2500 1381 2545 1751.
1404 2488 1482 2545 4*
1519 2505 1544 2533 a
1573 2488 1794 2534 Societate
1828 2489 2085 2532 volutinam
2122 2490 2264 2533 edito-

153 2577 157 2581 ·
202 2567 319 2597 rum.
388 2547 547 2596 Paffim
584 2550 734 2608 aliqua
771 2547 894 2609 scopi
929 2550 1071 2596 nostri
1102 2549 1210 2597 sunt
1241 2564 1294 2597 ut
1319 2555 1365 2605 J.
1383 2555 1566 2597 Henrici
1591 2552 1885 2597 REsmNGER
1932 2549 2021 2596 obs.
2054 2551 2257 2597 duorum

143 2657 151 2664 .
203 2630 399 2662 ovorum
425 2610 703 2659 difformiurn
720 2647 735 2665 ,
770 2629 968 2672 quoru-m
996 2616 1186 2660 alterum
1214 2613 1442 2661 farcimini
1472 2630 1568 2662 erar
1595 2612 1751 2661 fimiie.

329 2696 385 2742 In
407 2699 581 2741 Hanbv.
600 2695 681 2755 gel.
709 2697 925 2756 Anzeigen
962 2707 1095 2754 1751.
1130 2696 1183 2741 de
1207 2697 1340 2756 pullis
1362 2697 1412 2742 in
1435 2696 1637 2757 lampade
1665 2696 1879 2742 educatis-

202 2840 235 2885 Β
277 2840 308 2886 Β
330 2778 392 2823 Ιη
428 2776 687 2836 Hallenfibus
720 2781 845 2824 novis
879 2788 1014 2836 1751.
1048 2777 1302 2825 monstrum
1338 2778 1581 2838 porcinum
1623 2775 1890 2824 describitur
1926 2777 2005 2837 ψ’
2039 2793 2143 2824 cum
2176 2779 2262 2825 icc,

240 2875 250 2886 .
315 2853 548 2890 OEHMER.

1235 3017 1340 3065 Nn
1373 3034 1406 3065 n
1905 3019 1944 3069 §,
1977 3017 2260 3068 Mcxvi.
