2531 3394
297 116 397 178 410
690 115 829 162 ΜΒ.
881 115 975 161 1x.
1057 106 1480 159 ANATOMES
1527 106 1974 159 PERF-‘ECT‘IQ

865 249 904 299 §.
942 240 1105 292 MLX
1123 238 1243 300 XX.
1345 242 1509 287 Diaria
1535 241 1639 286 amni
1665 250 1804 297 1747.

436 346 495 394 In
519 341 672 403 Philas.
707 340 859 400 Tranfi
889 346 1055 398 11.482.
1092 336 1308 398 Hydrops
1330 343 1433 382 cum
1463 337 1575 383 alter
1594 351 1755 382 renum
1783 332 1956 382 deesset.

434 429 497 476 N.
518 434 626 487 483.
668 423 859 473 Edwara'
874 425 1032 469 DAVIS
1063 420 1117 466 de
1140 417 1237 466 fetu
1259 431 1368 465 nato
1392 416 1559 465 offibus
1586 417 1801 464 omnibus
1828 416 2014 469 luxatis.

441 510 505 557 N.
521 517 630 569 484.
668 506 846 565 Starltey
871 506 1201 552 MIDDLETON
1231 501 1285 547 de
1310 516 1451 573 puero
1471 500 1567 560 post
1593 506 1663 547 16.
1690 516 1836 546 annos
1858 499 1912 545 de
1936 497 2178 545 abdomine
2198 495 2361 547 exciso,

436 593 493 641 In
522 590 685 652 palude
705 583 1009 636 Lincolniensi
1047 582 1216 631 femina
1245 584 1509 643 incorrupta
1534 581 1588 628 ab
1621 579 1940 642 antiquiffimis
1972 579 2253 640 temporibus
2277 578 2364 626 ser-

304 668 437 712 vata,
475 667 577 703 cute
603 654 756 701 flexili.

442 740 498 785 In
524 739 629 798 Hist.
656 735 707 781 de
727 730 899 780 l’Acad.
935 729 1006 776 des
1035 733 1097 778 Sc.
1127 740 1263 788 1747.
1300 728 1481 775 urinam
1514 727 1692 788 tigridis
1729 725 2043 774 cantharidum
2078 723 2159 773 effe
2193 700 2362 779 odore,

314 804 417 852 dare
444 802 648 871 spiritum
674 797 884 845 subtilem
913 793 1145 854 hystericis
1174 792 1355 839 feminis
1379 791 1633 839 salutarem.

442 887 497 932 ln
513 880 737 944 Affimblee
757 877 959 940 publique
987 875 1038 922 de
1062 876 1106 922 la
1128 879 1170 922 S.
1194 878 1246 922 R.
1268 875 1340 921 des
1365 877 1551 921 Sciences
1577 873 1630 920 de
1647 873 1923 935 Montpellier
1947 886 2081 931 1747.
2106 873 2176 919 Cl.
2191 872 2365 919 ARLET

315 950 369 997 de
397 947 672 1010 ponderibus
701 943 870 990 cerebri
896 944 947 986 in
970 940 1105 987 variis
1137 939 1406 985 animalibus
1432 939 1536 1000 egit.
1630 938 1686 983 ln
1720 936 1954 998 Delphino
1994 953 2122 998 aeque
2150 951 2368 997 magnum

314 1014 376 1060 est
404 1029 454 1059 ac
477 1013 527 1058 in
551 1009 738 1057 homine
754 1042 765 1060 ‚
799 1007 850 1052 in
879 1004 999 1051 bove
1023 1004 1335 1064 perexiguum.

441 1095 497 1140 In
519 1089 710 1147 Journal
744 1088 815 1135 des
844 1091 1010 1134 Savum
1040 1098 1174 1144 1747.
1212 1087 1278 1132 M.
1307 1086 1364 1131 D.
1393 1084 1705 1133 RODRIGUEZ
1738 1082 1788 1129 de
1823 1083 2048 1129 PEREIRA
2085 1096 2370 1142 programma

315 1157 485 1211 edidit,
523 1157 576 1202 de
603 1154 782 1201 duobus
808 1152 958 1213 pueris
988 1148 1135 1196 surdis
1166 1151 1209 1195 ὃς
1249 1150 1391 1195 mutis
1427 1149 1573 1201 natis,
1617 1164 1731 1208 quos
1755 1144 1891 1193 sonos
1926 1146 2165 1194 articulare
2195 1144 2366 1192 docuit.

259 1244 263 1245 ⁷
313 1220 474 1270 Passim
498 1221 630 1268 video
655 1217 780 1264 hunc
803 1216 953 1263 virum
981 1214 1040 1260 ob
1064 1230 1160 1260 eam
1182 1225 1322 1260 artem
1345 1212 1535 1259 laudari.

438 1303 515 1363 EJ.
552 1304 763 1348 Μ’έητοὶνε
777 1299 860 1359 sicr
886 1314 945 1343 un
959 1295 1098 1356 sburd
1122 1294 1181 1352 539
1198 1306 1311 1341 muet
1328 1294 1379 1340 de
1396 1291 1605 1356 nazffance
1638 1292 1760 1340 Paris
1780 1303 1916 1351 1749.
1938 1303 1984 1350 4.
2020 1291 2315 1340 FALCONET.

438 1385 496 1430 In
527 1386 658 1430 Me‘m.
693 1381 745 1428 de
773 1378 1119 1438 mathematiques
1142 1377 1200 1433 ’ἐξ
1220 1376 1273 1423 de
1285 1375 1482 1439 phyfique
1498 1375 1708 1438 presentes
1733 1376 1757 1420 ἁ
1774 1373 1948 1421 l'Acad.
1970 1373 2040 1421 des
2053 1377 2210 1421 Scienc.
2233 1374 2285 1420 T.
2309 1373 2366 1420 V.

309 1464 439 1495 anno
471 1453 606 1506 1768.
637 1446 774 1492 edito.
876 1445 1010 1490 IDEM
1035 1443 1109 1488 cui
1132 1443 1309 1488 laudem
1340 1439 1614 1502 perfectioris
1635 1440 1743 1485 artis
1780 1436 1973 1495 (surdos
1998 1438 2124 1497 loqui
2142 1437 2369 1490 docendi)

316 1513 354 1559 le
381 1513 485 1559 CAT
515 1512 768 1563 tribuebat,
803 1508 857 1554 de
887 1508 1042 1553 eodem
1057 1508 1148 1566 agit
1162 1504 1369 1552 artificio.
1436 1506 1606 1551 Paucos
1632 1502 1841 1549 homines
1862 1499 2055 1562 perfecie
2077 1499 2235 1548 surdos
2259 1500 2367 1554 effe3

315 1578 449 1624 unice
484 1576 648 1637 aegrius
675 1574 828 1621 audire
857 1572 1047 1632 aliquos.
1119 1570 1318 1616 Videtur
1338 1568 1499 1630 digitis
1526 1567 1821 1629 alphabetum
1850 1565 2121 1612 construere.

372 1653 376 1654 ⁷
447 1658 501 1704 In
520 1657 712 1705 Seleft'or.
747 1652 1162 1716 Frcmcqfurtensimn
1191 1653 1246 1699 T.
1263 1652 1342 1698 IV.
1372 1650 1463 1696 huc
1491 1648 1652 1696 referas
1675 1646 1900 1695 Bartholdi
1925 1646 2136 1693 Ludovici
2154 1647 2370 1693 HUEKEL

316 1722 372 1769 de
395 1725 573 1769 vomitu
600 1720 887 1781 gravidarum
915 1721 955 1764 ἃ
985 1718 1239 1764 retentione
1271 1714 1570 1762 secundarum
1599 1714 1818 1760 libellum.
1887 1712 2060 1773 EJUSD.
2087 1710 2148 1757 est
2167 1709 2367 1757 Abhand.

316 1787 418 1849 lang
447 1803 544 1833 vom
571 1782 793 1847 Schafhieh
828 1782 1037 1843 Stargard
1071 1793 1204 1840 1745.
1232 1787 1272 1834 8.

444 1870 675 1915 GIERING
711 1866 764 1912 de
802 1876 944 1911 attera
982 1862 1144 1910 frustra
1179 1860 1333 1909 incisa.

445 1951 548 1999 Hoc
572 1965 694 1996 anno
727 1948 846 2007 cepit
869 1947 1080 1993 Diarium
1106 1940 1464 2004 Hszbzzz-gisches
1489 1943 1733 2002 Magazin,
1771 1940 1901 2000 cujus
1937 1950 2011 1997 27.
2048 1940 2163 1986 tomi
2195 1939 2372 2000 prodie-

317 2026 430 2061 runt
453 2015 691 2073 Hamburg
720 2011 797 2066 8.*
831 2013 881 2057 in
907 2012 1072 2071 quibus
1095 2009 1455 2056 Britannicarum
1485 2008 1527 2053 &
1551 2007 1741 2052 aliarum
1765 2004 2108 2051 Academiarum
2132 2003 2369 2065 opuscula,

317 2075 472 2139 paffim
501 2078 633 2124 eriam
654 2078 837 2137 propria
865 2073 1081 2136 opuscula
1103 2075 1414 2120 continentur.

448 2160 518 2206 Sic
543 2159 593 2204 in
618 2158 705 2205 hoe
734 2171 861 2205 tomo
889 2158 923 2204 Ι.
957 2157 1011 2203 de
1037 2153 1329 2203 instindfibus
1353 2149 1642 2199 insectorum.

450 2242 554 2290 Hoc
583 2241 718 2286 etiam
738 2256 859 2286 anno
883 2238 1054 2298 prodiit
1079 2239 1133 2284 T.
1148 2238 1183 2283 I.
1224 2233 1425 2293 Verfizche
1449 2233 1540 2281 und
1561 2231 1905 2295 Ablmndlungen
1936 2231 2013 2280 der
2032 2229 2374 2295 naturforschen-

314 2305 401 2354 ,den
426 2302 683 2365 Gesbllfhhaft
704 2320 760 2353 zu
788 2307 962 2364 Danaig
999 2302 1177 2349 Gedani
1199 2313 1333 2359 1747.
1357 2297 1439 2357 4.*

447 2388 503 2433 In
532 2386 692 2432 recueil
718 2384 768 2430 de
786 2389 919 2446 piefes
944 2401 993 2429 en
1009 2384 1136 2445 prose
1159 2381 1216 2438 ἓξ
1238 2399 1286 2427 en
1305 2397 1403 2426 vers
1420 2379 1470 2426 de
1484 2379 1654 2428 l’Acad.
1670 2377 1722 2427 de
1740 2379 1782 2426 la
1802 2357 1990 2427 Rochelle
2022 2379 2145 2426 Paris
2170 2389 2307 2437 1747.
2328 2383 2371 2431 8.

318 2453 386 2504 D.
408 2453 474 2498 M.
501 2451 707 2497 GIRARD
732 2449 782 2494 de
804 2450 1021 2495 VnLLARs
1052 2447 1146 2508 agit
1168 2446 1222 2492 de
1248 2444 1507 2506 zoophytis‚
1546 2461 1650 2491 cum
1681 2445 2001 2506 experimentis
2031 2444 2082 2491 in
2116 2443 2251 2490 stellis
2288 2457 2379 2488 ma-

317 2517 432 2564 rinis
463 2514 698 2562 institutis.
2131 2529 2135 2533 >

451 2598 508 2644 In
535 2596 589 2642 T.
606 2596 664 2642 II.
700 2594 753 2640 de
783 2594 923 2640 PATY
954 2590 1008 2638 de
1035 2593 1268 2638 nonnullis
1295 2591 1494 2638 testaceis
1518 2590 1805 2639 animalibus.

451 2677 671 2725 I11T.III.
699 2675 822 2723 Chia
834 2675 1019 2721 Forma
1034 2672 1087 2719 de
1100 2672 1390 2722 Pholadibus.
1460 2674 1545 2722 Sex
1558 2673 1722 2720 habere
1745 2671 1977 2734 squamas,
2013 2674 2055 2719 δι
2076 2668 2240 2733 piscem
2262 2684 2376 2731 pene

323 2761 344 2791 a
373 2744 593 2804 principio
625 2738 854 2788 inclusum
886 2736 982 2784 effe.

861 2846 904 2904 §.
942 2848 1266 2896 MLXXXI.
1377 2847 1554 2894 Carolus
1586 2845 1637 2892 de
1672 2846 1828 2893 GEER.

454 2950 511 2998 In
546 2954 596 2999 K.
632 2945 811 3008 Smensk.
851 2944 1124 3010 Wetenskaps
1157 2943 1296 2994 Acad.
1326 2941 1549 3006 hmzdling.
1581 2944 1638 2992 T.
1657 2943 1786 2991 VIII.
1822 2941 1893 2991 vir
1926 2941 2025 2990 ILL.
2054 2938 2379 3056 Barodcholus

2193 3024 2213 3055 e
2281 3019 2376 3054 BER
