2531 3394
271 130 367 185 '296
656 124 789 174 2113.
835 122 929 171 lx.
1019 110 1435 168 ANATOMES
1486 108 1926 164 PERFECTIO.

402 241 452 290 Ρ.
469 240 550 289 111.
577 256 726 303 progr.
742 239 796 288 de
808 236 973 287 offibus
986 231 1217 282 emollitis.
1259 231 1545 282 GReanu
1560 225 1889 276 observationis
1900 226 1982 279 suo
1991 228 2093 277 loeo
2105 227 2328 279 dic'emusl

401 322 460 370 ln
482 324 537 370 T.
551 322 634 370 111.
663 323 710 370 P.
726 322 761 368 Ι.
792 320 845 367 de
867 318 1041 366 viribus
1061 313 1263 376 corporis
1279 311 1497 367 humani,
1531 307 1648 358 fibra
1676 310 1864 373 ejusque
1883 313 2191 360 contraekione
2206 345 2222 368 ‚
2257 321 2328 360 at·-

275 402 366 450 que
386 403 443 434 ex
463 385 606 435 succis
632 381 889 448 gelatinofis
917 379 1244 442 compactione.

401 469 458 517 In
479 469 526 516 P.
546 469 605 515 ΙΙ.
643 468 697 514 de
716 463 998 512 resorbtione
1021 478 1077 509 ex
1099 462 1188 508 tela
1211 456 1437 507 cellulosa.

334 572 336 575 ·
405 553 463 600 In
491 550 712 598 Medicinae
724 545 906 609 sorenfis
929 541 1255 606 institutionibus
1283 538 1402 600 Lips.
1422 545 1514 597 176
1518 551 1540 599 5
1548 577 1558 587 .
1580 536 1660 594 8.*
1688 537 1838 599 aliqua
1863 535 1956 585 huc
1981 535 2185 592 faciunt3
2229 542 2330 600 pul..

275 632 467 665 monum
495 615 881 675 experimentum,
916 610 991 656 cui
1020 608 1072 654 L.
1103 606 1302 652 multum
1335 603 1513 652 tribuit.
1579 605 1651 651 De
1686 614 1843 665 partus
1874 601 2174 665 temporibus.
2238 605 2331 662 Ne..

278 682 475 743 glectum
503 677 699 726 funiculi
723 675 961 722 vinculum
982 669 1213 719 funestum
1240 667 1338 715 effe.

413 761 739 810 Commentarios
764 757 899 804 etiam
923 753 1041 816 cepit
1067 752 1121 798 ab
1149 769 1187 797 a.
1210 761 1345 808 1752.
1375 748 1503 796 edere
1532 748 1586 796 de
1607 747 1744 795 rebus
1767 749 1818 795 in
1845 747 2031 796 scientia
2062 738 2260 796 naturali
2289 749 2333 796 8c

276 825 449 875 medica
470 823 613 885 gestis.
681 823 736 867 In
756 821 814 868 iis
841 830 1002 880 praeter
1029 817 1254 863 librorum
1279 813 1447 860 indicia
1472 814 1607 859 etiam
1631 810 1786 871 paffim
1818 813 2136 859 adnotationes
2171 814 2334 873 aliquae

279 892 322 936 ἀ
360 889 540 935 demum
577 887 645 933 Cl.
675 886 882 932 virorum
916 883 1022 930 vitae
1059 880 1366 941 reperiuntur.
1444 876 1720 924 Prodierunt
1753 877 1870 925 tomi
1894 877 2026 925 XIX.
2065 893 2169 924 cum
2205 887 2332 939 parte

276 953 441 1004 XXmi
472 953 513 998 &
542 949 722 996 duobus
743 946 1082 1009 supplementis.

405 1035 462 1081 In
488 1032 673 1094 Epistolis
701 1030 756 1077 ad
779 1046 850 1076 me
873 1029 987 1076 datis
1010 1044 1055 1074 n.
1081 1031 1183 1082 169.
1206 1035 1342 1085 negat
1365 1022 1459 1070 dari
1478 1021 1592 1070 duos
1616 1019 1834 1069 fibrarum
1857 1020 2006 1069 cordis
2029 1021 2206 1074 duetus.
2275 1022 2333 1069 In

276 1103 352 1162 Ep.
375 1105 479 1157 176.
507 1098 561 1143 de
583 1111 770 1156 corpore
785 1092 1013 1140 reticulari
1024 1091 1131 1153 agit,
1167 1089 1290 1150 quod
1309 1085 1417 1134 visci
1431 1085 1569 1133 fimile
1593 1084 1648 1132 fit
1665 1088 1707 1133 &
1722 1086 1776 1132 ad
1803 1086 2024 1147 pigmenti
2040 1086 2227 1132 modum
2248 1084 2334 1133 dif-

275 1163 404 1215 fluat,
428 1161 485 1208 ab
504 1158 708 1207 alcohole
732 1172 884 1205 tamen
911 1154 1224 1204 confirmetur.
1292 1153 1347 1198 In
1368 1152 1448 1211 Ep.
1476 1156 1579 1207 183.
1604 1150 1658 1196 de
1680 1148 1886 1197 musculo
1902 1150 2179 1212 epiglottidis
2203 1167 2227 1195 a
2245 1149 2333 1210 sty-

276 1225 588 1286 lopharyngeo
613 1236 745 1276 nato,
782 1238 918 1282 quem
931 1222 1275 1266 WALTHERUS
1299 1214 1476 1261 viderit.
1545 1216 1720 1260 Contra
1740 1212 2336 1274 funicu10s‚1quosW1ns-

279 1303 463 1338 LOWUS
479 1289 596 1335 dixit
612 1305 636 1333 a
650 1289 753 1347 gula
770 1287 824 1332 ad
843 1283 1134 1344 diaphragma
1148 1282 1213 1328 ire
1236 1279 1385 1333 (ramo
1399 1278 1531 1324 nervi
1544 1277 1791 1338 phrenici.)
1845 1278 2129 1326 Testiculum
2141 1279 2337 1325 alterum

276 1355 460 1401 nullum
494 1355 535 1399 &
560 1364 737 1399 tantum
762 1349 1001 1410 vestigium
1038 1344 1166 1393 fuiffe
1194 1342 1526 1405 epididymidis.
1592 1342 1941 1403 Zygomaticum
1975 1344 2198 1388 minorem
2229 1344 2335 1389 nul.

278 1419 379 1465 lum
400 1415 552 1469 fuiffe,
588 1414 664 1462 sed
690 1413 953 1463 fasciculum
979 1412 1140 1470 utique
1153 1411 1448 1457 §Amorum
1469 1405 1527 1452 ab
1547 1406 1792 1452 orbiculari
1814 1406 2126 1466 palpebrarum
2154 1403 2334 1452 descen.

278 1481 488 1535 dentem,
522 1483 563 1527 δι
588 1496 689 1527 cum
710 1476 915 1526 inciffore
933 1473 1141 1523 musculo
1168 1483 1425 1520 coeuntem.
1495 1470 1760 1529 Corrigator
1784 1469 1839 1516 ab
1863 1468 2109 1516 orbiculari
2128 1466 2332 1516 diversus

279 1545 322 1592 &
349 1561 375 1591 a
397 1543 601 1591 frontali.
670 1541 927 1591 Fasciculus
955 1557 979 1588 a
1002 1536 1393 1600 stylopharyngaeo
1421 1533 1477 1583 ad
1497 1531 1740 1582 tonsillam.
1809 1532 1972 1581 Chorii
1989 1533 2185 1583 laminae.
2246 1533 2333 1580 Ca-

275 1624 399 1657 mera
420 1609 543 1657 oeuli
566 1607 786 1670 posterior
808 1605 992 1668 aequalis
1020 1602 1253 1650 anteriori.

696 1743 735 1794 §-
771 1739 816 1786 D
829 1738 868 1785 C
880 1738 917 1785 C
929 1737 967 1785 C
979 1736 1017 1784 C
1028 1736 1076 1783 X
1090 1734 1127 1782 C
1139 1734 1183 1781 V
1194 1732 1230 1781 I.
1327 1730 1529 1781 Andreas
1554 1731 1731 1780 PASTA.
1799 1728 1908 1776 Alii.

401 1838 580 1894 PASTA,
612 1839 905 1890 MORGAGNI
938 1831 1209 1894 discipulus,
1244 1829 1453 1878 Medicus
1481 1825 1805 1890 Bergomenfis.
1874 1826 1993 1887 EJUS
2027 1824 2194 1887 epistolae
2220 1823 2331 1879 daae.

276 1901 417 1950 altera
439 1903 490 1950 de
512 1915 629 1951 motu
637 1902 859 1964 sanguinis
876 1900 965 1961 pcst
993 1909 1196 1950 mortem,
1234 1895 1374 1941 altera
1411 1893 1463 1940 de
1495 1895 1632 1940 cordis
1655 1892 1809 1954 polypo
1847 1895 1891 1937 in
1915 1889 2092 1936 dubium
2131 1901 2332 1937 revocato

276 1967 546 2027 prodierunt
577 1964 788 2027 Bergomi
813 1976 943 2022 1737.
974 1959 1055 2021 4*
1121 1963 1177 2008 In
1196 1959 1338 2020 priori
1373 1956 1557 2018 epistola
1580 1957 1673 2018 agit
1697 1957 1750 2002 de
1785 1966 1913 2001 motu
1936 1951 2170 2015 fanguinis
2194 1954 2334 2000 etiam

275 2029 375 2091 post
400 2045 590 2076 mortem
615 2048 691 2091 per
710 2029 843 2077 suum
868 2027 1056 2088 pondus.
1074 2025 1186 2078 affl,
1237 2034 1290 2070 ut
1313 2020 1360 2068 se
1380 2023 1429 2068 in
1449 2033 1598 2081 partes
1620 2019 1830 2067 inferiori
1854 2021 1954 2065 loco
1977 2015 2080 2064 sitas
2109 2015 2328 2065 conferat.

275 2094 595 2153 Experimenta
623 2094 760 2141 habet
788 2094 837 2140 in
861 2091 1047 2139 canibus
1075 2091 1116 2135 &
1145 2089 1194 2134 in
1220 2086 1434 2134 humanis
1462 2085 1755 2132 cadaveribus
1785 2081 1913 2129 faeta.
1975 2083 2085 2129 Haec
2107 2081 2329 2135 breviter,

274 2155 490 2204 fufiffime
510 2174 618 2204 vero
643 2159 693 2204 in
716 2159 908 2219 polypos
930 2166 1034 2202 ante
1061 2165 1252 2199 mortem
1276 2162 1407 2197 natos
1435 2149 1512 2196 sua
1538 2149 1676 2197 dubia
1701 2145 1888 2208 profert.

390 2239 480 2299 xEJ.
529 2238 724 2298 Discorso
755 2243 927 2285 intorno
962 2236 1010 2283 al
1022 2232 1150 2299 fluffb
1172 2233 1218 2279 di
1231 2232 1394 2294 sangae
1428 2232 1528 2278 dall’
1555 2242 1677 2277 utero
1704 2228 1805 2275 delle
1831 2227 1968 2274 donne
1999 2227 2184 2288 gravide
2225 2227 2330 2274 Ber-

275 2300 401 2364 gomi
426 2308 561 2361 1748.
587 2301 662 2356 8.*
730 2303 816 2348 Eas
843 2298 1194 2359 haemorrhagiae
1216 2295 1296 2343 effe
1319 2313 1343 2342 a
1372 2295 1592 2357 sanguine
1623 2290 1838 2341 arterioso
1861 2291 1914 2337 de
1942 2290 2064 2338 ostiis
2091 2308 2329 2353 erumpen-

273 2378 350 2420 te,
384 2381 482 2426 quae
507 2362 783 2412 effundendo
805 2364 1017 2426 sanguini
1035 2361 1265 2409 menstruo
1296 2360 1512 2407 destinata
1534 2357 1638 2407 fint.
1705 2358 1817 2405 Non
1840 2357 1942 2403 vult
1969 2354 2326 2418 haemorrhagias

274 2430 629 2492 parturientium
651 2429 812 2476 edutsto
839 2428 935 2475 fetu
959 2428 1115 2475 levari.

402 2511 580 2559 Recudi
603 2509 711 2558 feeit
733 2510 823 2557 hoc
844 2527 957 2570 opus
996 2521 1132 2568 1751.
1157 2505 1237 2562 8.*
1270 2509 1416 2555 multo
1444 2505 1633 2553 audiius.
1701 2502 1769 2549 Ex
1792 2500 2026 2563 sanguinis
2063 2501 2203 2547 coaffli
2235 2498 2328 2545 fere

275 2577 448 2637 grumis
474 2573 573 2622 fieri
598 2577 738 2621 molas
769 2576 810 2620 ἃ
842 2575 1047 2633 polypos.
1116 2574 1235 2619 Cum
1261 2573 1533 2619 RUYSCfflO
1555 2580 1678 2618 vetat
1702 2565 1944 2614 secundam
1969 2566 2192 2613 violenter
2213 2564 2329 2610 evel-

273 2642 365 2688 lere
386 2675 399 2702 ,-
438 2642 480 2686 &
512 2651 687 2686 naturae
712 2638 932 2685 auxilium
958 2637 1136 2682 mavult
1156 2634 1422 2696 exspedkare.

403 2723 479 2783 EJ.
514 2719 621 2767 Diff.
641 2720 773 2782 sopra
796 2722 812 2765 i
836 2719 1003 2778 nzcflrui
1030 2717 1130 2762 delle
1155 2716 1290 2762 donne
1324 2715 1533 2776 Bergomi
1562 2726 1694 2774 1757.
1719 2713 1796 2772 4*
1861 2708 1972 2756 Fuse
1998 2708 2050 2755 de
2078 2705 2321 2755 mensibus.

274 2785 331 2830 In
357 2785 487 2832 Italia
518 2787 669 2831 minus
700 2798 920 2844 praecoces
947 2779 1027 2827 effe
1057 2782 1238 2840 puellas.
1307 2780 1394 2825 Pro
1416 2778 1622 2839 plethora
1649 2789 1860 2824 caeterum
1888 2776 1929 2819 &c
1950 2785 2105 2818 contra
2130 2770 2326 2819 fermen-

274 2847 507 2896 tationem.
576 2848 757 2897 Menses
782 2848 1046 2894 vetularum
1074 2844 1273 2903 periculo
1297 2859 1392 2888 non
1424 2858 1586 2888 carere.
1654 2842 1868 2898 Pleraque
1889 2835 2094 2895 praefica.

403 2933 449 2984 J.
484 2929 695 2988 Francisci
732 2929 770 2975 le
798 2928 992 2979 FEVRE,
1043 2922 1301 2971 Profefl'oris
1331 2921 1605 2975 vesuntini,
1650 2934 1776 2982 opera
1811 2915 2094 2963 Vesuntione
2123 2929 2255 2976 1737.
2275 2929 2322 2976 4.

273 2991 470 3047 2.Vol.*
536 2995 592 3044 In
617 2994 763 3057 primo
785 3004 913 3043 tomo
943 2990 997 3041 de
1026 3004 1154 3040 venae
1181 2984 1377 3036 sectione
1410 2986 1527 3048 agit,
1576 2986 1784 3037 SYLVAM
1810 2979 1901 3030 fere
1926 2979 2133 3037 secutus,
2170 2984 2212 3028 &
2242 2997 2324 3041 per

2225 3060 2324 3094 eam
