2531 3394
244 124 378 177 ‘328
683 121 820 169 LIB.
868 117 966 167 IX.
1030 113 1443 165 ANATOMES
1497 105 1940 166 PERFECTIO.

416 237 474 284 In
499 236 608 300 Ηιβ.
629 235 682 284 de
705 236 876 284 l’Acad.
907 234 978 282 des
998 235 1062 281 Sc.
1089 242 1226 291 1741.
1263 228 1475 279 describit
1507 229 1730 289 bufonem
1759 249 1957 324 marem..
2003 233 2086 297 qui
2120 244 2231 284 ante
2251 241 2342 295 anfi

289 301 478 364 plexum
507 318 595 350 ova
623 301 676 348 de
705 299 882 347 femella
905 297 1198 358 exprimebat.

424 381 540 431 Ibid
564 384 766 430 tunicam
787 395 995 428 corneam
1022 378 1293 453 pellucidam
1319 389 1455 441 negat
1484 394 1508 425 a
1537 375 1769 426 sclerotica
1797 376 1943 433 rusci,
1973 395 2000 426 a
2021 398 2111 441 qua
2133 382 2182 430 in
2202 380 2346 430 calida

294 447 484 496 secedat.
551 447 735 495 Fabrica
764 442 972 491 cellulosa
1001 446 1204 505 corporis
1233 445 1368 491 vitrei
1390 460 1469 505 per
1487 445 1852 521 congelationem
1883 443 2200 515 demonstrata.
2268 447 2346 494 Eae

200 502 227 574 *—
296 515 465 561 cellulae
501 510 854 577 communicant.

424 595 479 641 ln
506 597 636 640 Mefint
656 591 873 652 presentes
894 590 950 637 T.
967 590 1025 637 II.
1054 589 1181 637 iridis
1207 588 1342 637 fibras
1368 605 1463 636 11011
1487 588 1568 637 effe
1592 606 1802 644 carneas,
1840 587 1917 636 sed
1940 587 2088 636 tensas
2113 606 2139 637 a
2162 591 2348 639 circula-

295 660 422 707 ribus
445 656 605 704 resilire
629 656 792 701 elatere
814 653 922 707 suc,
962 656 1004 700 Sc
1029 656 1243 715 pupillam
1268 655 1477 707 dilatare3
1513 655 1874 702 contradiionem
1904 652 1984 700 effe
2017 667 2176 701 contra
2217 667 2352 702 natu-

296 736 392 773 ram
418 722 575 772 iridis;
612 735 717 764 narn
742 719 794 764 in
817 716 979 764 somno
1005 721 1222 779 pupillam
1246 719 1435 766 dilatari.

423 804 546 849 Cum
569 801 910 854 Ant.PET1T0,
939 801 1070 860 cujus
1096 802 1264 847 amicus
1291 799 1438 847 fuerat
1458 791 1723 862 &adjutor,
1752 801 1802 847 in
1827 800 1955 848 litem
1976 799 2138 848 incidit
2158 798 2352 848 occasio-

297 885 356 916 ne
384 867 536 913 morbi
560 866 610 911 in
635 867 769 911 oculo
791 900 803 918 ,
835 865 915 924 qui
943 865 1039 925 post
1070 866 1432 914 inoculationem
1458 866 1507 910 in
1541 881 1681 925 puero
1707 863 1945 925 supersuit.
2033 866 2096 912 Ea
2119 863 2351 912 occasione

297 929 468 991 scripsit
505 929 656 975 noster
684 933 829 976 Lettre
860 931 886 974 ἁ
918 934 985 975 M.
1012 929 1172 976 PETlT
1209 927 1342 975 Paris.
1380 936 1515 987 1767.
1547 927 1625 983 8.*
1691 927 1920 976 Describit
1951 927 2025 976 hic
2060 929 2196 976 etiam
2232 945 2257 975 a
2287 930 2348 976 D.

295 997 598 1042 DESCEMETS
627 994 788 1039 dicrum
813 993 1146 1046 membranam,
1184 1010 1285 1053 quae
1311 1009 1486 1040 corneae
1513 993 1729 1040 interiora
1755 991 1976 1047 obducat,
2013 992 2236 1054 capsulam
2262 995 2356 1040 1011-
2407 1013 2409 1015 ’

297 1060 358 1106 tis
401 1058 666 1118 crystallinae
709 1057 893 1117 obtegat
914 1091 926 1108 ‚
981 1074 1082 1117 quae
1107 1058 1408 1117 cartilagineae
1450 1055 1503 1104 fit
1539 1058 1708 1105 indolis
1730 1092 1743 1112 ,
1791 1059 1833 1104 &
1863 1069 2050 1111 caveat,
2094 1074 2152 1104 ne
2182 1073 2354 1119 aqueus

299 1123 468 1171 humor
495 1140 519 1168 a
543 1138 706 1169 cornea
735 1121 957 1181 pellucida
982 1122 1139 1168 tunica
1166 1120 1462 1168 resorbeatur.

432 1205 483 1251 In
506 1203 701 1260 Journal
730 1203 782 1249 de
802 1202 1024 1249 Medecine
1049 1204 1104 1250 T.
1118 1203 1346 1250 XXXIII.
1376 1214 1533 1250 contra
1557 1204 1616 1249 D.
1641 1205 1918 1253 DESCEMET
1945 1202 2179 1260 defendit,
2230 1202 2357 1253 suam

303 1269 611 1317 membranam
639 1265 859 1315 diversam
879 1266 959 1314 effe
984 1266 1040 1314 ab
1065 1284 1139 1321 ea,
1176 1283 1312 1328 quam
1338 1268 1376 1315 is
1404 1268 1607 1315 medicus
1627 1268 1755 1316 dixit.

1064 1411 1102 1462 §.
1141 1404 1336 1456 MXX
1437 1411 1574 1457 Varii.
1600 1393 1608 1399 χ

435 1505 634 1569 Giuftppe
654 1506 839 1553 LARINI
863 1516 996 1558 tratt
1006 1503 1141 1568 sopra
1163 1504 1201 1552 le
1219 1504 1391 1566 qualit&
1412 1503 1510 1553 delli
1537 1503 1661 1553 denti
1690 1501 2127 1564 Firenz.1740.4.*
2171 1503 2363 1566 Aliquae

307 1570 513 1619 dentium
534 1572 772 1618 varietates
798 1569 948 1617 habet.

453 1657 671 1713 Anonymi
715 1652 1041 1699 dilucidationes
1088 1651 1303 1699 uberiores
1333 1651 1386 1698 de
1425 1654 1585 1713 origine
1626 1655 1773 1698 animae
1811 1648 1870 1707 ἓξ
1909 1651 2022 1699 malo
2061 1649 2359 1706 haereditario,

306 1734 434 1780 quam
475 1719 773 1764 Lsslsslems
814 1721 857 1763 in
888 1716 1104 1764 tlveolicea
1133 1721 1323 1778 primum
1357 1716 1548 1762 tradidit
1598 1717 1754 1763 Holm.
1785 1727 1920 1774 1740.
1959 1720 2032 1768 82*
2100 1717 2363 1762 Editionem

307 1783 503 1855 priorem
529 1799 625 1828 non
648 1782 771 1834 vidi,
806 1780 880 1827 sed
901 1781 980 1827 ista
1004 1781 1190 1827 uberior
1224 1780 1299 1826 est.
1367 1781 1423 1827 In
1458 1794 1581 1839 parte
1602 1780 1746 1840 priori
1777 1792 1875 1827 tota
1902 1779 2086 1826 historia
2114 1781 2365 1841 generatio-

307 1847 379 1893 nis
408 1848 683 1892 continetur.
753 1846 1066 1892 Vermiculum
1098 1843 1414 1905 spermatieum
1439 1844 1541 1890 dare
1564 1845 1731 1890 animal
1758 1844 1893 1904 primi
1915 1845 2115 1904 gmeris,
2151 1842 2183 1891 s.
2206 1860 2365 1892 mona-

312 1910 439 1963 dem,
478 1928 579 1971 quae
610 1908 805 1956 sensim
795 1926 844 1955 111
868 1911 1065 1956 animam
1090 1923 1238 1955 ration
1244 1911 1356 1955 110111
1389 1906 1664 1968 perficiatur.
1734 1908 1787 1955 Id
1823 1909 1988 1955 animal
2015 1925 2070 1955 ex
2101 1916 2201 1956 aere
2231 1909 2365 1957 adve-

309 1974 434 2028 nire,
474 1976 529 2020 ad
555 1991 843 2030 navo-nepotem
871 1972 1073 2035 systema.
1141 1974 1335 2033 Reliqua
1359 1971 1708 2033 methaphysica.

438 2057 644 2103 Emanuel
670 2058 1029 2103 SWEDENBORG
1065 2058 1289 2101 oeconomia
1310 2055 1502 2101 animalis
1525 2058 1571 2100 in
1601 2054 1905 2114 transaffliones
1934 2052 2081 2114 divisa
2130 2059 2283 2103 Prima
2313 2055 2365 2102 de

311 2120 438 2170 eorde
462 2122 662 2167 Londini
689 2123 729 2167 &
751 2119 996 2167 Amstelod.
1028 2131 1156 2177 1740.
1180 2117 1260 2177 4*
1291 2116 1455 2179 absque
1480 2119 1678 2168 auctoris
1706 2120 1905 2164 nomine.
1977 2119 2178 2167 Primum
2207 2131 2367 2167 anato-
2430 2157 2439 2160 .

312 2202 418 2234 men
448 2183 666 2245 przefigst,
705 2201 758 2230 ex
780 2185 913 2230 bonis
935 2185 1196 2230 auctoribus
1219 2185 1482 2229 collectam:
1527 2184 1760 2244 proprium
1789 2194 1922 2242 caput
1948 2181 2084 2229 habet
2110 2182 2164 2229 de
2187 2184 2361 2231 marina

311 2249 566 2301 testudine,
603 2248 724 2294 aliud
751 2248 804 2294 de
831 2248 1023 2294 circuitu
1051 2246 1284 2308 sanguinis
1302 2249 1351 2293 in
1376 2245 1489 2300 fetu,
1529 2247 1652 2293 aliud
1676 2247 1730 2293 de
1754 2245 2025 2294 formatione
2045 2249 2158 2307 pulli
2176 2248 2227 2294 111
2245 2245 2334 2294 o'vo
2350 2281 2370 2300 ,.

315 2313 478 2360 deinde
501 2311 737 2372 subjungit
758 2311 1081 2373 physiologiam
1099 2345 1111 2365 ‚
1147 2310 1264 2357 hanc
1288 2309 1416 2357 suam
1451 2313 1493 2357 &
1520 2312 1711 2357 omnino
1742 2309 1992 2357 mirificam.
2059 2312 2115 2358 In
2145 2309 2374 2372 sanguine·

315 2376 498 2437 spiritus
522 2376 693 2422 habitat
713 2377 942 2430 animalis,
976 2392 1072 2421 non
1096 2376 1350 2421 materialis.
1420 2374 1647 2422 Globulus
1671 2374 1903 2435 sanguinis
1928 2374 1983 2422 fit
2005 2375 2121 2421 cubo
2144 2374 2245 2422 salis
2273 2392 2366 2422 ma-

316 2442 434 2495 rini,
472 2453 701 2499 tamquam
727 2438 815 2485 basi
834 2474 847 2493 ,
882 2442 956 2486 cui
979 2440 1252 2500 adaptantur
1269 2440 1473 2499 undique
1503 2441 1638 2486 variae
1665 2438 1816 2499 salinae
1849 2440 2079 2498 particulae
2109 2441 2149 2486 &
2181 2438 2366 2500 sulphu-

318 2522 421 2552 reae.
491 2505 681 2565 Sanguis
704 2504 838 2549 etiam
860 2505 914 2549 ab
933 2506 1186 2551 innumeris
1216 2506 1408 2550 corculis
1439 2504 1608 2551 cerebri
1634 2506 1675 2550 &
1703 2503 1910 2550 cerebelli
1934 2515 2251 2563 promovetur,
2289 2501 2366 2547 ad-

320 2586 408 2642 que
436 2585 514 2616 cor
548 2568 821 2620 remittitur,
867 2568 1007 2626 inque
1041 2566 1151 2613 valis
1178 2569 1380 2615 minimis
1418 2570 1604 2614 celerius
1651 2568 1779 2620 fluit
1831 2569 1872 2613 &
1902 2568 1956 2613 ab
1993 2565 2270 2613 oscillatione
2299 2582 2366 2613 ar·
2391 2619 2407 2626 ᾖ

321 2635 444 2680 ter-ive
466 2644 777 2705 promovetur.
846 2632 1077 2677 Extimam
1102 2634 1271 2678 arteriae
1299 2633 1606 2678 membranam
1631 2631 1764 2678 fieri
1754 2648 1804 2677 m
1826 2648 1953 2677 venae
1974 2631 2195 2677 intimam.
2258 2630 2368 2676 San-

320 2698 506 2756 guinem
537 2697 589 2743 in
617 2694 804 2742 finubus
831 2696 999 2741 cerebri
1021 2711 1046 2740 a
1078 2711 1189 2740 nerv
1194 2712 1323 2741 orum
1351 2694 1739 2755 conpreffionibus
1775 2696 1968 2741 aciuari
2005 2709 2103 2752 quae
2132 2709 2184 2739 eo
2214 2709 2322 2752 perv
2324 2711 2369 2740 0-

320 2760 466 2808 niant.
536 2758 727 2807 Causam
743 2760 958 2806 circuitus
973 2756 1053 2804 esse
1067 2759 1283 2804 alternam
1298 2761 1390 2806 vim
1407 2759 1624 2806 fibrarum
1637 2761 1869 2812 auriculae,
1889 2761 1928 2803 &
1947 2756 2155 2817 sanguini
2158 2774 2177 2803 3
2195 2755 2365 2806 venosi.

451 2844 526 2903 EJ
568 2839 1014 2901 Transac‘liofhcunda
1036 2839 1088 2885 de
1109 2839 1269 2885 cerebri
1285 2853 1400 2887 motu
1420 2840 1478 2895 Εὖ)
1499 2848 1654 2887 cortice
1680 2839 1738 2898 ἓξ
1761 2845 1902 2887 anima
1923 2836 2107 2885 hmnana
2141 2840 2362 2888 Amsterd.

327 2917 462 2964 1741.
485 2919 528 2964 4.
535 2904 564 2935 *
632 2906 815 2952 Cerebri
837 2917 1013 2951 motum
1033 2902 1112 2949 effe
1129 2906 1440 2950 voluntarium
1460 2906 1500 2950 ὃς
1526 2922 1549 2950 a
1570 2907 1703 2951 corde
1727 2904 1848 2950 oriri.
1918 2902 2079 2948 A‘e'rcm
2100 2920 2176 2964 per
2187 2902 2368 2976 ‘proces-

322 2967 395 3017 sus
414 2971 727 3020 mammillares
742 2970 796 3018 ad
821 2969 1055 3018 cerebrum
1078 2968 1233 3016 venire
1264 2970 1305 3015 &
1331 2969 1425 3030 ejus
1447 2969 1675 3018 corticem.
1742 2965 1941 3028 Sphaeras
1966 2966 2062 3028 ejus
2085 2969 2264 3016 corticis
2285 2966 2375 3015 effe·

1134 3039 1157 3056 ‘²⁶'
2168 3032 2372 3088 curcula..
