2531 3394
203 78 205 80 ’
269 101 367 159 ‘692
580 148 597 156 ,
667 100 803 149 zm.
848 98 948 148 ix,
1013 91 1429 147 ANATOMES
1481 82 1922 143 PERFECTm,

272 228 422 288 Dijon
446 239 580 289 1772.
609 229 683 283 8.’6
750 226 1076 279 Bartholomaeus
1104 222 1298 271 Camillus
1335 221 1386 266 de
1404 221 1634 270 Bolssmu
1666 221 1736 268 vir
1754 221 1950 279 juvenis,
1983 221 2216 282 praemium
2243 220 2328 270 hac

272 290 369 337 diff.
397 293 681 354 reportavit„
736 294 803 350 Ut
835 293 1076 352 perdurare
1114 284 1327 346 poffimus
1365 285 1415 330 in
1456 292 1556 330 aere
1598 299 1734 341 quam
1775 283 1954 344 sanguis
1993 285 2142 332 noster
2171 286 2232 332 est
2260 303 2329 333 ca·
2391 311 2396 315 ·

277 355 455 404 lidiore.
523 356 842 419 Experimenta
864 356 1011 414 aliqua
1035 352 1089 398 ad
1112 348 1413 409 indagandam
1435 346 1590 394 crustae
1616 347 1976 393 inflammatoriae
2005 343 2220 395 indolem.

418 455 719 516 Obfhrvations
736 454 816 513 fiir
841 454 879 499 le
909 456 1039 499 Cacao
1063 447 1121 504 ἓξ
1149 448 1187 494 le
1212 445 1408 496 Chocolat
1426 448 1585 507 suivies
1616 445 1668 492 de
1694 445 1917 508 reflexions
1936 445 2018 504 sar
2044 447 2082 493 le
2095 447 2262 508 sjaest-eme
2278 447 2330 495 de

279 523 353 569 M.
384 521 600 567 LAMURE
634 517 838 565 touchant
866 516 902 561 le
931 515 1164 561 battement
1190 512 1263 557 des
1289 523 1451 558 arteres
1499 512 1621 557 Paris
1657 521 1793 567 1772.
1836 507 1918 562 85¹*
1984 510 2057 556 Ad
2096 512 2328 559 LAMURH

278 583 550 630 sententiam
575 584 642 629 *ita
672 581 841 628 accedit
861 581 1043 629 aunstor,
1079 587 1133 622 ut
1159 575 1334 622 arteriae
1354 574 1536 634 quidem
1563 572 1698 620 ficum
1720 584 1927 626 mutent,
1965 589 2016 619 ea
2046 590 2155 620 vero
2189 587 2334 622 muta..

280 648 347 694 tio
374 663 472 694 non
498 647 548 693 in
575 645 707 693 corde
739 640 914 689 causam
937 639 1062 687 suam
1088 638 1266 686 habeat.
1333 640 1474 685 Nunc
1493 639 1592 699 lego
1610 671 1623 690 ,
1653 653 1768 697 opus
1791 635 1871 683 effe
1892 638 1959 683 Cl.
1981 637 2202 686 NAVIER.

413 747 612 793 ROZOER
645 741 941 802 observations
956 739 1039 798 fiir
1063 738 1105 784 la
1130 736 1329 799 phyfique
1346 771 1358 790 ‚
1387 737 1470 797 sm·
1495 735 1694 796 l'histoire
1721 737 1929 782 naturelle
1963 734 2022 792 ἓξ
2046 736 2127 795 fiir
2157 737 2215 783 les
2240 749 2333 784 arts

281 810 404 857 Paris
428 821 565 867 1772.
597 807 671 860 83*
741 806 864 849 Bona
889 804 1093 849 collectio
1119 803 1403 853 libellorum,
1443 816 1639 859 quorum
1669 802 1803 846 multi
1824 801 1950 852 boni,
1988 802 2028 846 Sc
2059 799 2166 846 huic
2188 801 2332 847 diario

282 873 456 933 proprii
486 871 585 918 lint.
654 870 766 915 Ecce
788 868 937 926 aliqua
967 864 1225 927 specimina.
1286 866 1444 910 ¹DANA
1473 864 1526 909 de
1551 865 1790 909 nonnullis
1815 864 2091 910 animalibus
2118 865 2331 921 marinis„

284 938 404 983 inter
434 952 483 981 ea
505 935 558 980 de
586 929 780 979 medusae
813 929 969 990 specie.
1040 930 1210 974 Carnes
1249 929 1299 973 in
1337 939 1514 973 recente
1545 929 1645 972 oleo
1673 927 1787 972 bene
1822 925 2091 973 conservari.
2160 929 2334 974 Dentes

283 1001 502 1060 primores
529 1013 631 1044 cum
657 997 710 1041 iis
729 1029 741 1047 ‚
776 1011 801 1040 a
824 994 989 1053 quibus
1015 994 1328 1052 expelluntur:
1367 991 1489 1043 dari,
1521 990 1595 1036 cui
1621 1006 1789 1036 corona
1818 988 2090 1049 profundius
2118 992 2168 1037 in
2196 1009 2245 1038 os
2266 993 2336 1038 in-

284 1060 426 1108 mersa
458 1061 532 1107 est.
600 1061 670 1105 De
713 1074 834 1103 nano
871 1056 1084 1118 polonico
1120 1055 1204 1117 29}
1224 1055 1477 1105 unciarum,
1511 1070 1698 1113 corpore
1727 1066 1937 1099 caeterum
1970 1053 2179 1113 perfeeto.
2268 1054 2337 1101 Ad

287 1126 495 1171 eumdem
519 1139 653 1184 porro
681 1136 866 1167 nanum,
947 1119 1018 1166 Ad
1045 1119 1275 1164 historiam
1300 1119 1590 1163 curculionis.
1684 1118 1973 1163 CHAUSSOER-
2000 1118 2052 1162 de
2078 1130 2201 1178 parte
2222 1120 2339 1163 inte-

286 1189 391 1235 stini
419 1188 495 1233 ilei
530 1190 570 1233 &
596 1184 852 1231 mesenterii
890 1199 966 1243 per
996 1180 1139 1228 anum
1168 1181 1409 1227 decedente
1431 1214 1443 1233 ,
1486 1193 1540 1226 ut
1574 1193 1726 1226 tamen
1755 1197 1870 1238 aeger
1907 1181 1985 1225 diu
2022 1179 2335 1240 supervixerit.

288 1254 557 1300 SCHAEFF.ER
590 1250 643 1294 de
668 1250 814 1309 puella
839 1259 990 1298 muta.
1028 1263 1126 1305 quae
1145 1246 1278 1291 canit.
1349 1247 1465 1300 Quae
1494 1259 1715 1289 manuum
1746 1242 1896 1289 officia
1925 1245 2112 1303 pedibus
2143 1243 2339 1305 supplet‚'

289 1317 332 1361 ἃ
366 1330 555 1374 puerum
580 1310 739 1358 sanum
770 1311 958 1371 peperit.
1025 1311 1080 1355 T.
1111 1311 1376 1355 NEEDHAM
1405 1306 1536 1363 salem
1574 1308 1776 1353 occidere
1807 1309 2076 1353 animalcula
2106 1302 2340 1354 infusoria.

285 1380 633 1431 chQUEMARE
663 1376 716 1420 de
739 1389 959 1420 anemone
993 1373 1189 1424 marina,
1235 1388 1289 1416 ex
1318 1371 1476 1430 polypi
1503 1368 1763 1424 adfinitate,
1800 1387 1900 1430 quae
1930 1369 2105 1417 absciffa
2136 1372 2337 1419 membra

283 1452 480 1504 reparat⁴
549 1439 758 1486 Omnino
778 1438 832 1483 de
854 1439 987 1484 latere
1007 1438 1281 1498 germinare,
1317 1445 1370 1480 ut
1390 1434 1564 1494 polypi.

416 1523 556 1589 inl-:M
581 1540 636 1585 'in
655 1537 763 1586 Phil.
798 1536 951 1596 Trans.
983 1536 1071 1584 Vol.
1092 1533 1261 1581 LXIII.
1297 1544 1386 1579 tres
1422 1530 1633 1578 describit
1668 1529 1832 1591 species
1863 1549 2104 1580 anemones
2140 1536 2340 1583 marinae.

279 1605 422 1655 Radii
444 1601 741 1650 renascuntur
759 1599 925 1647 resecti.
994 1600 1089 1646 Diu
1104 1597 1333 1658 impastam
1354 1597 1531 1649 vivere,
1566 1595 1789 1656 testasque
1809 1595 1923 1643 solas
1939 1597 2163 1644 devoratae
2184 1600 2344 1659 praedae

287 1685 536 1718 revomere.
608 1667 753 1712 Vivos
778 1664 961 1725 pariunt
984 1664 1146 1724 pullos.

423 1768 479 1814 In
502 1766 660 1812 Diario
690 1765 749 1810 D.
769 1764 970 1811 ROZIER
997 1763 1130 1808 IDEM
1161 1777 1198 1806 a.
1221 1771 1358 1818 1773.
1381 1760 1441 1806 *de
1471 1776 1637 1820 magna
1657 1771 1781 1820 parte
1809 1757 1995 1806 femoris
2027 1758 2176 1805 amiffa
2200 1762 2250 1827 1&
2281 1777 2347 1807 re-

291 1843 459 1893 parata.
527 1831 662 1877 IDEM
690 1827 749 1873 ib.
776 1833 912 1883 1776.
941 1826 1035 1886 agit
1065 1826 1118 1870 de
1142 1823 1222 1870 sua
1247 1841 1468 1870 anemone
1488 1857 1500 1876 ‚
1539 1841 1640 1884 quae
1678 1825 1728 1869 in
1761 1835 1960 1883 quatuor
1982 1837 2134 1884 partes
2173 1823 2347 1870 differta

293 1893 544 1943 convaluit.
612 1893 737 1937 Dum
760 1891 964 1936 irritatur
993 1891 1033 1934 &
1054 1896 1274 1940 terretur,
1303 1885 1419 1933 fetus
1449 1885 1552 1933 suos
1568 1887 1685 1933 aedit.

422 1992 600 2037 Iterum
623 1990 671 2035 in
705 1988 845 2034 diario
874 1988 942 2033 Cl.
963 1987 1160 2033 Rozma
1199 1986 1309 2031 anni
1339 1997 1474 2043 1772.
1544 1986 1660 2031 Puer
1687 2002 1799 2045 pene
1837 1987 1951 2031 male
1990 1983 2199 2032 formam.
2269 1987 2352 2033 Ca-

295 2057 432 2102 tellus
459 2055 752 2114 quinquepes.
826 2050 1132 2110 Androgynus
1168 2050 1279 2095 aries
1308 2061 1505 2108 utroque
1539 2048 1649 2094 sexu
1678 2049 1937 2095 instructus.
2008 2051 2222 2099 Coriacea
2257 2066 2349 2096 ma-

296 2119 449 2172 china,
479 2120 531 2164 in
547 2133 636 2176 qua
650 2113 895 2161 necessariae
919 2113 1167 2159 obstetricis
1189 2113 1236 2158 in
1260 2110 1355 2158 fetu
1379 2112 1660 2171 expediendo
1688 2111 1987 2165 encheireses,
2015 2115 2348 2171 exprimuntur.

298 2182 479 2290 Vseitulae
504 2183 736 2227 laetantes.
806 2179 913 2225 Olei
938 2178 1141 2223 animalis
1171 2177 1368 2236 primum
1401 2176 1523 2235 quod
1548 2174 1807 2237 adscendit,
1841 2174 1986 2222 scium
2014 2174 2239 2223 servatum
2269 2193 2352 2237 pu-

297 2246 340 2293 ri
378 2260 521 2291 imum
541 2242 615 2289 est.

427 2343 505 2403 EJ.
546 2342 615 2388 Cl.
640 2341 842 2387 ROZIER
875 2338 1064 2385 Tableau
1091 2337 1151 2384 dn
1176 2337 1345 2384 travail
1369 2338 1528 2399 ammiel
1550 2336 1602 2383 de
1631 2348 1767 2382 tontes
1790 2337 1848 2383 les
1877 2337 2126 2383 Academi&
2160 2338 2211 2383 de
2239 2339 2353 2385 [Ἔτι-

252 2401 267 2414 '
294 2419 429 2468 rope,
459 2422 514 2452 ou
540 2404 827 2463 observations
846 2401 927 2460 fiir
954 2403 996 2447 la
1010 2399 1235 2462 phyfique‚
1267 2400 1465 2462 l‘histoire
1489 2401 1697 2447 naturelle
1715 2399 1771 2455 ἐξ)
1795 2401 1852 2446 les
1867 2412 1961 2446 arts
1995 2402 2114 2448 Paris
2138 2414 2271 2459 1773.
2306 2415 2352 2461 4.

301 2469 489 2529 Propria
510 2466 601 2513 sola
627 2466 842 2512 dicemus,
909 2466 1128 2510 Animalis
1145 2464 1401 2511 moschiferi
1431 2465 1589 2510 dentes
1618 2462 1776 2509 exserti
1800 2465 1922 2523 pleni
1941 2462 2060 2510 sunt.
2130 2467 2209 2521 De
2228 2482 2356 2511 mon-

302 2533 436 2579 stris:
482 2542 640 2577 contra
666 2530 759 2576 vim
788 2528 1126 2587 imaginationis
1155 2540 1380 2575 maternae.
1450 2529 1574 2573 Dens
1596 2528 1773 2572 enormi
1803 2528 1934 2573 mole.
2004 2532 2072 2573 De
2094 2528 2137 2574 la
2158 2530 2369 2575 ΜΟΤΤΕι

306 2597 361 2642 de
385 2597 578 2655 juvene,
628 2593 703 2640 cui
737 2604 809 2649 15.
840 2591 1096 2650 quibusque
1127 2591 1282 2637 diebus
1319 2589 1470 2651 elapsis
1512 2603 1607 2637 tota
1649 2588 1845 2637 universi
1884 2592 2089 2650 ‘corporis
2121 2591 2356 2650 epidermis

307 2659 545 2705 delabitur.
614 2658 837 2703 MANGOS
870 2652 1104 2699 hominem
1144 2670 1237 2699 non
1266 2653 1382 2713 poffe
1407 2657 1571 2700 volare.
1656 2655 1910 2700 MAUDUIT
1934 2652 2142 2699 fufissime
2169 2653 2221 2699 de
2250 2670 2359 2699 con·
2427 2697 2430 2700 .

306 2721 538 2769 servandis
565 2719 833 2766 animalibus
868 2719 910 2763 &
936 2715 1138 2776 partibus
1160 2718 1358 2776 corporis
1383 2718 1635 2763 anatomice
1659 2716 1915 2776 praeparatis
1938 2734 1950 2760 ι
1984 2717 2127 2775 rejicit
2149 2717 2360 2763 mercurii

308 2784 543 2832 sublimati
564 2781 720 2835 usum,
763 2783 804 2827 ἃ
830 2781 918 2826 olei
942 2778 1287 2825 terebinthinae:
1331 2782 1400 2825 De
1430 2779 1626 2826 testaceis
1653 2780 1784 2825 etiam
1803 2779 2021 2824 ornandis
2049 2780 2090 2824 &
2112 2776 2356 2827 servandis.

307 2848 505 2905 Splritus
533 2847 631 2893 vini
659 2845 844 2905 reliquis
866 2843 1119 2903 liquoribus
1146 2843 1346 2901 praestat‚
1383 2855 1561 2889 tantum
1582 2856 1636 2890 nt
1664 2841 1847 2887 admista
1869 2856 1984 2900 aqua
2010 2858 2111 2887 eum
2136 2842 2359 2891 debilites.

305 2910 445 2965 &mim
465 2910 625 2959 ‚eodem
650 2925 787 2959 anno.
821 2909 1187 2956 REAUMUMUM
1213 2904 1380 2952 insecta
1410 2906 1593 2954 arcuiffe
1617 2905 1746 2953 fumo
1773 2901 1956 2953 sulfuris
1979 2904 2164 2954 accensi.
2365 2894 2377 2909 ²

2218 2970 2357 3017 :Anno
