<?xml version="1.0" encoding="UTF-8"?>
<!DOCTYPE html PUBLIC "-//W3C//DTD XHTML 1.0 Transitional//EN"
    "http://www.w3.org/TR/xhtml1/DTD/xhtml1-transitional.dtd">
<html xmlns="http://www.w3.org/1999/xhtml" xml:lang="en" lang="en">
 <head>
  <title>
</title>
<meta http-equiv="Content-Type" content="text/html;charset=utf-8" />
  <meta name='ocr-system' content='tesseract 3.04.00' />
  <meta name='ocr-capabilities' content='ocr_page ocr_carea ocr_par ocr_line ocrx_word'/>
</head>
<body>
  <div class='ocr_page' id='page_1' title='image "bibliothecaanato02hall_0176.png"; bbox 0 0 2531 3394; ppageno 0'>
   <div class='ocr_carea' id='block_1_1' title="bbox 255 83 2384 179">
    <p class='ocr_par' dir='ltr' id='par_1_1' title="bbox 255 83 2384 179">
     <span class='ocr_line' id='line_1_1' title="bbox 255 83 2384 179; baseline -0.005 0"><span class='ocrx_word' id='word_1_1' title='bbox 255 137 349 179; x_wconf 75' lang='lat'>166</span> <span class='ocrx_word' id='word_1_2' title='bbox 652 130 785 176; x_wconf 71' lang='lat' dir='ltr'>Lm.</span> <span class='ocrx_word' id='word_1_3' title='bbox 836 131 926 175; x_wconf 86' lang='lat' dir='ltr'>1X.</span> <span class='ocrx_word' id='word_1_4' title='bbox 994 122 1402 172; x_wconf 81' lang='lat' dir='ltr'>ANATOMES</span> <span class='ocrx_word' id='word_1_5' title='bbox 1451 91 1892 172; x_wconf 61' lang='lat' dir='ltr'>PaRFEcTIO.</span> <span class='ocrx_word' id='word_1_6' title='bbox 1977 84 1982 85; x_wconf 32' lang='lat'><em>⁷</em></span> <span class='ocrx_word' id='word_1_7' title='bbox 2303 149 2325 166; x_wconf 45' lang='grc'><strong>1</strong></span> <span class='ocrx_word' id='word_1_8' title='bbox 2369 83 2384 88; x_wconf 50' lang='grc'><strong><em>’</em></strong></span> 
     </span>
    </p>
   </div>
   <div class='ocr_carea' id='block_1_2' title="bbox 238 250 2308 460">
    <p class='ocr_par' dir='ltr' id='par_1_2' title="bbox 238 250 2308 460">
     <span class='ocr_line' id='line_1_2' title="bbox 252 250 2308 369; baseline -0.001 -65"><span class='ocrx_word' id='word_1_9' title='bbox 252 322 282 369; x_wconf 67' lang='lat' dir='ltr'><strong>d</strong></span> <span class='ocrx_word' id='word_1_10' title='bbox 320 323 360 368; x_wconf 61' lang='grc' dir='ltr'><strong><em>ἃ</em></strong></span> <span class='ocrx_word' id='word_1_11' title='bbox 384 257 512 304; x_wconf 84' lang='lat' dir='ltr'>Alius</span> <span class='ocrx_word' id='word_1_12' title='bbox 547 257 819 317; x_wconf 84' lang='lat' dir='ltr'>Anonymus</span> <span class='ocrx_word' id='word_1_13' title='bbox 858 255 1222 301; x_wconf 63' lang='lat' dir='ltr'>XWALTHERUM</span> <span class='ocrx_word' id='word_1_14' title='bbox 1256 262 1435 304; x_wconf 83' lang='lat' dir='ltr'>tuetur,</span> <span class='ocrx_word' id='word_1_15' title='bbox 1474 252 1517 297; x_wconf 84' lang='lat'>&amp;</span> <span class='ocrx_word' id='word_1_16' title='bbox 1555 260 1717 311; x_wconf 85' lang='lat' dir='ltr'>negat,</span> <span class='ocrx_word' id='word_1_17' title='bbox 1754 250 1935 298; x_wconf 87' lang='lat' dir='ltr'>eosdem</span> <span class='ocrx_word' id='word_1_18' title='bbox 1973 250 2054 299; x_wconf 81' lang='lat' dir='ltr'>effe</span> <span class='ocrx_word' id='word_1_19' title='bbox 2082 264 2308 315; x_wconf 79' lang='lat' dir='ltr'>utrosque</span> 
     </span>
     <span class='ocr_line' id='line_1_3' title="bbox 287 337 430 369; baseline -0.014 0"><span class='ocrx_word' id='word_1_20' title='bbox 287 339 315 369; x_wconf 93' lang='lat' dir='ltr'>u</span> <span class='ocrx_word' id='word_1_21' title='bbox 363 337 430 368; x_wconf 88' lang='lat' dir='ltr'>us.</span> 
     </span>
     <span class='ocr_line' id='line_1_4' title="bbox 238 385 1996 460; baseline -0.003 -24"><span class='ocrx_word' id='word_1_22' title='bbox 238 411 329 436; x_wconf 66' lang='lat' dir='ltr'>..ae-</span> <span class='ocrx_word' id='word_1_23' title='bbox 739 388 783 446; x_wconf 83' lang='lat'>§.</span> <span class='ocrx_word' id='word_1_24' title='bbox 818 386 1137 435; x_wconf 89' lang='lat' dir='ltr'>DCCCCV.</span> <span class='ocrx_word' id='word_1_25' title='bbox 1214 385 1435 434; x_wconf 81' lang='lat' dir='ltr'>Gerardus</span> <span class='ocrx_word' id='word_1_26' title='bbox 1466 405 1512 438; x_wconf 80' lang='lat' dir='ltr'>v.</span> <span class='ocrx_word' id='word_1_27' title='bbox 1551 385 1811 460; x_wconf 50' lang='lat' dir='ltr'>SWIETJN.</span> <span class='ocrx_word' id='word_1_28' title='bbox 1976 399 1996 410; x_wconf 74' lang='lat'><strong>·</strong></span> 
     </span>
    </p>
   </div>
   <div class='ocr_carea' id='block_1_3' title="bbox 252 481 2385 741">
    <p class='ocr_par' dir='ltr' id='par_1_3' title="bbox 252 481 2385 741">
     <span class='ocr_line' id='line_1_5' title="bbox 264 481 2302 550; baseline -0.003 -13"><span class='ocrx_word' id='word_1_29' title='bbox 264 546 269 549; x_wconf 9' lang='lat' dir='ltr'>p</span> <span class='ocrx_word' id='word_1_30' title='bbox 380 491 538 550; x_wconf 76' lang='lat' dir='ltr'>Belga,</span> <span class='ocrx_word' id='word_1_31' title='bbox 567 486 907 535; x_wconf 84' lang='lat' dir='ltr'>Archiatrorum</span> <span class='ocrx_word' id='word_1_32' title='bbox 931 482 1240 530; x_wconf 81' lang='lat' dir='ltr'>Caesareorum</span> <span class='ocrx_word' id='word_1_33' title='bbox 1268 484 1433 530; x_wconf 87' lang='lat' dir='ltr'>Comes</span> <span class='ocrx_word' id='word_1_34' title='bbox 1449 517 1460 536; x_wconf 90' lang='lat'>,</span> <span class='ocrx_word' id='word_1_35' title='bbox 1485 499 1664 529; x_wconf 84' lang='lat' dir='ltr'>mecum</span> <span class='ocrx_word' id='word_1_36' title='bbox 1687 484 2011 529; x_wconf 75' lang='lat' dir='ltr'>BOERHAAVH</span> <span class='ocrx_word' id='word_1_37' title='bbox 2041 481 2302 545; x_wconf 83' lang='lat' dir='ltr'>discipulus,</span> 
     </span>
     <span class='ocr_line' id='line_1_6' title="bbox 254 542 2311 616; baseline -0.004 -14"><span class='ocrx_word' id='word_1_38' title='bbox 254 572 392 616; x_wconf 82' lang='lat' dir='ltr'>quem</span> <span class='ocrx_word' id='word_1_39' title='bbox 423 555 570 600; x_wconf 84' lang='lat' dir='ltr'>virum</span> <span class='ocrx_word' id='word_1_40' title='bbox 598 550 689 611; x_wconf 88' lang='lat' dir='ltr'>ipse</span> <span class='ocrx_word' id='word_1_41' title='bbox 712 549 932 597; x_wconf 85' lang='lat' dir='ltr'>constanti</span> <span class='ocrx_word' id='word_1_42' title='bbox 951 549 1104 594; x_wconf 84' lang='lat' dir='ltr'>animo</span> <span class='ocrx_word' id='word_1_43' title='bbox 1131 564 1207 607; x_wconf 89' lang='lat' dir='ltr'>per</span> <span class='ocrx_word' id='word_1_44' title='bbox 1231 549 1449 607; x_wconf 84' lang='lat' dir='ltr'>plurimos</span> <span class='ocrx_word' id='word_1_45' title='bbox 1480 564 1625 593; x_wconf 89' lang='lat' dir='ltr'>annos</span> <span class='ocrx_word' id='word_1_46' title='bbox 1642 545 1841 599; x_wconf 86' lang='lat' dir='ltr'>audivit,</span> <span class='ocrx_word' id='word_1_47' title='bbox 1877 542 2005 593; x_wconf 82' lang='lat' dir='ltr'>utilis</span> <span class='ocrx_word' id='word_1_48' title='bbox 2029 545 2136 593; x_wconf 90' lang='lat' dir='ltr'>hinc</span> <span class='ocrx_word' id='word_1_49' title='bbox 2154 548 2311 609; x_wconf 89' lang='lat' dir='ltr'>magni</span> 
     </span>
     <span class='ocr_line' id='line_1_7' title="bbox 252 609 2385 672; baseline -0.003 -7"><span class='ocrx_word' id='word_1_50' title='bbox 252 620 342 666; x_wconf 84' lang='lat' dir='ltr'>viri</span> <span class='ocrx_word' id='word_1_51' title='bbox 371 628 723 668; x_wconf 77' lang='lat' dir='ltr'>commentator,</span> <span class='ocrx_word' id='word_1_52' title='bbox 761 617 803 660; x_wconf 82' lang='lat'>&amp;</span> <span class='ocrx_word' id='word_1_53' title='bbox 824 613 1009 659; x_wconf 86' lang='lat' dir='ltr'>celebris</span> <span class='ocrx_word' id='word_1_54' title='bbox 1034 612 1240 658; x_wconf 75' lang='lat' dir='ltr'>clinicus.</span> <span class='ocrx_word' id='word_1_55' title='bbox 1309 612 1385 672; x_wconf 82' lang='lat' dir='ltr'>EJ·</span> <span class='ocrx_word' id='word_1_56' title='bbox 1417 610 1526 664; x_wconf 78' lang='lat' dir='ltr'>Diff,</span> <span class='ocrx_word' id='word_1_57' title='bbox 1556 610 1836 672; x_wconf 81' lang='lat' dir='ltr'>inauguralis</span> <span class='ocrx_word' id='word_1_58' title='bbox 1863 609 1916 656; x_wconf 84' lang='lat' dir='ltr'>de</span> <span class='ocrx_word' id='word_1_59' title='bbox 1951 615 2121 657; x_wconf 76' lang='lat' dir='ltr'>arteriae</span> <span class='ocrx_word' id='word_1_60' title='bbox 2130 612 2308 672; x_wconf 79' lang='lat' dir='ltr'>fabrica</span> <span class='ocrx_word' id='word_1_61' title='bbox 2381 611 2385 612; x_wconf 41' lang='lat'><em>⁷</em></span> 
     </span>
     <span class='ocr_line' id='line_1_8' title="bbox 257 672 2294 741; baseline -0.008 -11"><span class='ocrx_word' id='word_1_62' title='bbox 257 681 318 739; x_wconf 55' lang='grc' dir='ltr'>ἓξ</span> <span class='ocrx_word' id='word_1_63' title='bbox 338 682 518 741; x_wconf 78' lang='lat' dir='ltr'>efficacia</span> <span class='ocrx_word' id='word_1_64' title='bbox 545 685 589 726; x_wconf 91' lang='lat' dir='ltr'>in</span> <span class='ocrx_word' id='word_1_65' title='bbox 615 692 788 740; x_wconf 81' lang='lat' dir='ltr'>corpore</span> <span class='ocrx_word' id='word_1_66' title='bbox 807 676 989 723; x_wconf 77' lang='lat' dir='ltr'>humano</span> <span class='ocrx_word' id='word_1_67' title='bbox 1024 676 1148 722; x_wconf 85' lang='lat' dir='ltr'>Leid.</span> <span class='ocrx_word' id='word_1_68' title='bbox 1171 687 1305 734; x_wconf 86' lang='lat'>1725.</span> <span class='ocrx_word' id='word_1_69' title='bbox 1336 672 1420 734; x_wconf 77' lang='lat'>4*</span> <span class='ocrx_word' id='word_1_70' title='bbox 2190 676 2192 678; x_wconf 83' lang='lat'>&#39;</span> <span class='ocrx_word' id='word_1_71' title='bbox 2268 698 2294 704; x_wconf 63' lang='grc'>-«</span> 
     </span>
    </p>
   </div>
   <div class='ocr_carea' id='block_1_4' title="bbox 253 753 2384 1575">
    <p class='ocr_par' dir='ltr' id='par_1_4' title="bbox 253 753 2384 1575">
     <span class='ocr_line' id='line_1_9' title="bbox 385 753 2384 824; baseline -0.005 -14"><span class='ocrx_word' id='word_1_72' title='bbox 385 765 460 824; x_wconf 87' lang='lat' dir='ltr'>EJ.</span> <span class='ocrx_word' id='word_1_73' title='bbox 503 764 810 810; x_wconf 77' lang='lat' dir='ltr'>Commentaria</span> <span class='ocrx_word' id='word_1_74' title='bbox 843 762 889 804; x_wconf 89' lang='lat' dir='ltr'>in</span> <span class='ocrx_word' id='word_1_75' title='bbox 913 762 974 804; x_wconf 88' lang='lat' dir='ltr'>H.</span> <span class='ocrx_word' id='word_1_76' title='bbox 997 754 1322 807; x_wconf 78' lang='lat' dir='ltr'>BOERHAAVH</span> <span class='ocrx_word' id='word_1_77' title='bbox 1359 756 1613 818; x_wconf 78' lang='lat' dir='ltr'><em>aphorismos</em></span> <span class='ocrx_word' id='word_1_78' title='bbox 1645 755 1696 802; x_wconf 85' lang='lat' dir='ltr'>de</span> <span class='ocrx_word' id='word_1_79' title='bbox 1721 755 2000 818; x_wconf 68' lang='lat' dir='ltr'>cognoscendis</span> <span class='ocrx_word' id='word_1_80' title='bbox 2027 753 2086 812; x_wconf 55' lang='grc' dir='ltr'>ἓξ</span> <span class='ocrx_word' id='word_1_81' title='bbox 2111 755 2312 803; x_wconf 59' lang='lat' dir='ltr'>curandi}</span> <span class='ocrx_word' id='word_1_82' title='bbox 2381 785 2384 793; x_wconf 61' lang='grc' dir='ltr'><em>ι</em></span> 
     </span>
     <span class='ocr_line' id='line_1_10' title="bbox 253 819 2302 880; baseline -0.005 -5"><span class='ocrx_word' id='word_1_83' title='bbox 253 828 408 875; x_wconf 75' lang='lat' dir='ltr'>morbis</span> <span class='ocrx_word' id='word_1_84' title='bbox 421 826 602 874; x_wconf 87' lang='lat' dir='ltr'>Tom.I.</span> <span class='ocrx_word' id='word_1_85' title='bbox 643 821 1013 880; x_wconf 79' lang='lat' dir='ltr'>Leid.1742.4.*</span> <span class='ocrx_word' id='word_1_86' title='bbox 1042 823 1176 868; x_wconf 89' lang='lat' dir='ltr'>Tom.</span> <span class='ocrx_word' id='word_1_87' title='bbox 1194 823 1251 868; x_wconf 88' lang='grc' dir='ltr'>ΙΙ.</span> <span class='ocrx_word' id='word_1_88' title='bbox 1273 819 1501 880; x_wconf 81' lang='lat'>1745.4.*</span> <span class='ocrx_word' id='word_1_89' title='bbox 1536 821 1766 867; x_wconf 86' lang='lat' dir='ltr'>Tom.III.</span> <span class='ocrx_word' id='word_1_90' title='bbox 1797 832 1929 878; x_wconf 83' lang='lat'>1753.</span> <span class='ocrx_word' id='word_1_91' title='bbox 1950 819 2028 878; x_wconf 64' lang='lat'>4*</span> <span class='ocrx_word' id='word_1_92' title='bbox 2064 822 2198 867; x_wconf 92' lang='lat' dir='ltr'>Tom.</span> <span class='ocrx_word' id='word_1_93' title='bbox 2219 819 2302 866; x_wconf 90' lang='lat' dir='ltr'>IV.</span> 
     </span>
     <span class='ocr_line' id='line_1_11' title="bbox 260 883 2320 950; baseline -0.004 -12"><span class='ocrx_word' id='word_1_94' title='bbox 260 899 396 950; x_wconf 84' lang='lat'><strong>1764.</strong></span> <span class='ocrx_word' id='word_1_95' title='bbox 415 892 492 949; x_wconf 65' lang='lat'>4*</span> <span class='ocrx_word' id='word_1_96' title='bbox 531 891 664 936; x_wconf 83' lang='lat' dir='ltr'>Torn.</span> <span class='ocrx_word' id='word_1_97' title='bbox 686 888 744 932; x_wconf 89' lang='lat' dir='ltr'>V.</span> <span class='ocrx_word' id='word_1_98' title='bbox 777 898 909 943; x_wconf 87' lang='lat'><strong>1772.</strong></span> <span class='ocrx_word' id='word_1_99' title='bbox 935 887 1012 944; x_wconf 64' lang='lat'>4*</span> <span class='ocrx_word' id='word_1_100' title='bbox 1078 883 1168 932; x_wconf 76' lang='lat' dir='ltr'>Etsi</span> <span class='ocrx_word' id='word_1_101' title='bbox 1200 884 1360 945; x_wconf 89' lang='lat' dir='ltr'>scopus</span> <span class='ocrx_word' id='word_1_102' title='bbox 1387 884 1478 930; x_wconf 84' lang='lat' dir='ltr'>fere</span> <span class='ocrx_word' id='word_1_103' title='bbox 1509 885 1698 930; x_wconf 86' lang='lat' dir='ltr'>clinicus</span> <span class='ocrx_word' id='word_1_104' title='bbox 1721 884 1806 937; x_wconf 86' lang='lat' dir='ltr'>est,</span> <span class='ocrx_word' id='word_1_105' title='bbox 1845 900 1942 929; x_wconf 91' lang='lat' dir='ltr'>non</span> <span class='ocrx_word' id='word_1_106' title='bbox 1979 885 2129 943; x_wconf 89' lang='lat' dir='ltr'>potuit</span> <span class='ocrx_word' id='word_1_107' title='bbox 2156 885 2320 929; x_wconf 86' lang='lat' dir='ltr'>tamen</span> 
     </span>
     <span class='ocr_line' id='line_1_12' title="bbox 254 947 2309 1015; baseline -0.005 -13"><span class='ocrx_word' id='word_1_108' title='bbox 254 956 460 1015; x_wconf 88' lang='lat' dir='ltr'>undique</span> <span class='ocrx_word' id='word_1_109' title='bbox 484 971 507 1000; x_wconf 91' lang='lat' dir='ltr'>a</span> <span class='ocrx_word' id='word_1_110' title='bbox 529 953 661 999; x_wconf 89' lang='lat' dir='ltr'>rebus</span> <span class='ocrx_word' id='word_1_111' title='bbox 686 949 1004 1011; x_wconf 71' lang='lat' dir='ltr'>physiologicis</span> <span class='ocrx_word' id='word_1_112' title='bbox 1033 952 1074 996; x_wconf 87' lang='lat'>&amp;</span> <span class='ocrx_word' id='word_1_113' title='bbox 1095 950 1360 995; x_wconf 81' lang='lat' dir='ltr'>anatomicis</span> <span class='ocrx_word' id='word_1_114' title='bbox 1388 949 1458 994; x_wconf 87' lang='lat' dir='ltr'>vir</span> <span class='ocrx_word' id='word_1_115' title='bbox 1476 949 1543 994; x_wconf 90' lang='lat' dir='ltr'>Cl.</span> <span class='ocrx_word' id='word_1_116' title='bbox 1560 947 1794 993; x_wconf 86' lang='lat' dir='ltr'>abstinere.</span> <span class='ocrx_word' id='word_1_117' title='bbox 1863 950 2189 994; x_wconf 78' lang='lat' dir='ltr'>BOERHAAVH</span> <span class='ocrx_word' id='word_1_118' title='bbox 2216 948 2309 1007; x_wconf 84' lang='lat' dir='ltr'>pla-</span> 
     </span>
     <span class='ocr_line' id='line_1_13' title="bbox 256 1010 2303 1076; baseline -0.004 -11"><span class='ocrx_word' id='word_1_119' title='bbox 256 1021 347 1065; x_wconf 87' lang='lat' dir='ltr'>cita</span> <span class='ocrx_word' id='word_1_120' title='bbox 379 1018 470 1064; x_wconf 86' lang='lat' dir='ltr'>fere</span> <span class='ocrx_word' id='word_1_121' title='bbox 504 1016 675 1076; x_wconf 85' lang='lat' dir='ltr'>ubique</span> <span class='ocrx_word' id='word_1_122' title='bbox 709 1013 938 1073; x_wconf 86' lang='lat' dir='ltr'>sequitur,</span> <span class='ocrx_word' id='word_1_123' title='bbox 976 1015 1162 1075; x_wconf 84' lang='lat' dir='ltr'>ejusque</span> <span class='ocrx_word' id='word_1_124' title='bbox 1197 1014 1506 1074; x_wconf 65' lang='lat' dir='ltr'>praelec&#39;tiones</span> <span class='ocrx_word' id='word_1_125' title='bbox 1539 1028 1640 1058; x_wconf 88' lang='lat' dir='ltr'>cum</span> <span class='ocrx_word' id='word_1_126' title='bbox 1681 1013 1761 1064; x_wconf 86' lang='lat' dir='ltr'>iis,</span> <span class='ocrx_word' id='word_1_127' title='bbox 1797 1029 1897 1071; x_wconf 77' lang='lat' dir='ltr'>quae</span> <span class='ocrx_word' id='word_1_128' title='bbox 1934 1013 2113 1071; x_wconf 88' lang='lat' dir='ltr'>propria</span> <span class='ocrx_word' id='word_1_129' title='bbox 2142 1010 2303 1063; x_wconf 83' lang='lat' dir='ltr'>habet,</span> 
     </span>
     <span class='ocr_line' id='line_1_14' title="bbox 255 1074 2307 1139; baseline -0.005 -9"><span class='ocrx_word' id='word_1_130' title='bbox 255 1084 317 1130; x_wconf 88' lang='lat' dir='ltr'>ita</span> <span class='ocrx_word' id='word_1_131' title='bbox 355 1081 536 1135; x_wconf 86' lang='lat' dir='ltr'>miscet,</span> <span class='ocrx_word' id='word_1_132' title='bbox 590 1093 644 1126; x_wconf 90' lang='lat' dir='ltr'>ut</span> <span class='ocrx_word' id='word_1_133' title='bbox 675 1079 785 1139; x_wconf 89' lang='lat' dir='ltr'>quid</span> <span class='ocrx_word' id='word_1_134' title='bbox 813 1080 1102 1138; x_wconf 82' lang='lat' dir='ltr'>praeceptoris</span> <span class='ocrx_word' id='word_1_135' title='bbox 1135 1076 1212 1130; x_wconf 84' lang='lat' dir='ltr'>sit,</span> <span class='ocrx_word' id='word_1_136' title='bbox 1259 1077 1370 1136; x_wconf 86' lang='lat' dir='ltr'>quid</span> <span class='ocrx_word' id='word_1_137' title='bbox 1391 1078 1668 1139; x_wconf 73' lang='lat' dir='ltr'>SWOE&#39;rENII</span> <span class='ocrx_word' id='word_1_138' title='bbox 1687 1109 1698 1128; x_wconf 87' lang='lat'>,</span> <span class='ocrx_word' id='word_1_139' title='bbox 1734 1092 1830 1120; x_wconf 92' lang='lat' dir='ltr'>non</span> <span class='ocrx_word' id='word_1_140' title='bbox 1854 1074 1987 1135; x_wconf 86' lang='lat' dir='ltr'>poffis</span> <span class='ocrx_word' id='word_1_141' title='bbox 2018 1074 2307 1135; x_wconf 85' lang='lat' dir='ltr'>distinguere.</span> 
     </span>
     <span class='ocr_line' id='line_1_15' title="bbox 253 1137 2308 1204; baseline -0.005 -10"><span class='ocrx_word' id='word_1_142' title='bbox 253 1147 405 1194; x_wconf 87' lang='lat' dir='ltr'>Partes</span> <span class='ocrx_word' id='word_1_143' title='bbox 434 1148 565 1192; x_wconf 81' lang='lat' dir='ltr'>etiam</span> <span class='ocrx_word' id='word_1_144' title='bbox 595 1144 796 1203; x_wconf 87' lang='lat' dir='ltr'>corporis</span> <span class='ocrx_word' id='word_1_145' title='bbox 822 1143 1024 1204; x_wconf 82' lang='lat' dir='ltr'>animalis</span> <span class='ocrx_word' id='word_1_146' title='bbox 1052 1144 1518 1189; x_wconf 74' lang='lat' dir='ltr'>LIEBERKUHNIANA</span> <span class='ocrx_word' id='word_1_147' title='bbox 1546 1151 1639 1185; x_wconf 88' lang='lat' dir='ltr'>arte</span> <span class='ocrx_word' id='word_1_148' title='bbox 1666 1152 1933 1199; x_wconf 84' lang='lat' dir='ltr'>praeparatas</span> <span class='ocrx_word' id='word_1_149' title='bbox 1956 1137 2224 1199; x_wconf 76' lang='lat' dir='ltr'>speculatus,</span> <span class='ocrx_word' id='word_1_150' title='bbox 2257 1138 2308 1184; x_wconf 89' lang='grc'>111</span> 
     </span>
     <span class='ocr_line' id='line_1_16' title="bbox 255 1202 2307 1271; baseline -0.005 -14"><span class='ocrx_word' id='word_1_151' title='bbox 255 1213 471 1271; x_wconf 85' lang='lat' dir='ltr'>pulmone</span> <span class='ocrx_word' id='word_1_152' title='bbox 496 1220 631 1269; x_wconf 79' lang='lat' dir='ltr'>negat</span> <span class='ocrx_word' id='word_1_153' title='bbox 655 1207 769 1253; x_wconf 90' lang='lat' dir='ltr'>duos</span> <span class='ocrx_word' id='word_1_154' title='bbox 802 1207 930 1252; x_wconf 89' lang='lat' dir='ltr'>lobos</span> <span class='ocrx_word' id='word_1_155' title='bbox 967 1206 1319 1257; x_wconf 83' lang='lat' dir='ltr'>communicare,</span> <span class='ocrx_word' id='word_1_156' title='bbox 1362 1217 1441 1250; x_wconf 82' lang='lat' dir='ltr'>aut</span> <span class='ocrx_word' id='word_1_157' title='bbox 1470 1219 1758 1250; x_wconf 87' lang='lat' dir='ltr'>communem</span> <span class='ocrx_word' id='word_1_158' title='bbox 1792 1204 2001 1259; x_wconf 81' lang='lat' dir='ltr'>arteriam</span> <span class='ocrx_word' id='word_1_159' title='bbox 2029 1202 2220 1254; x_wconf 88' lang='lat' dir='ltr'>habere,</span> <span class='ocrx_word' id='word_1_160' title='bbox 2255 1202 2307 1247; x_wconf 87' lang='grc'>111</span> 
     </span>
     <span class='ocr_line' id='line_1_17' title="bbox 256 1264 2308 1335; baseline -0.005 -14"><span class='ocrx_word' id='word_1_161' title='bbox 256 1277 477 1335; x_wconf 86' lang='lat' dir='ltr'>exemplo.</span> <span class='ocrx_word' id='word_1_162' title='bbox 545 1270 726 1320; x_wconf 87' lang='lat' dir='ltr'>Menses</span> <span class='ocrx_word' id='word_1_163' title='bbox 756 1271 809 1316; x_wconf 91' lang='lat' dir='ltr'>de</span> <span class='ocrx_word' id='word_1_164' title='bbox 836 1281 936 1316; x_wconf 91' lang='lat' dir='ltr'>cute</span> <span class='ocrx_word' id='word_1_165' title='bbox 959 1268 1184 1316; x_wconf 86' lang='lat' dir='ltr'>sudantes.</span> <span class='ocrx_word' id='word_1_166' title='bbox 1251 1267 1356 1315; x_wconf 83' lang='lat' dir='ltr'>Offa</span> <span class='ocrx_word' id='word_1_167' title='bbox 1380 1269 1513 1328; x_wconf 84' lang='lat' dir='ltr'>pubis</span> <span class='ocrx_word' id='word_1_168' title='bbox 1534 1269 1584 1313; x_wconf 89' lang='lat' dir='ltr'>in</span> <span class='ocrx_word' id='word_1_169' title='bbox 1607 1279 1739 1327; x_wconf 85' lang='lat' dir='ltr'>partu</span> <span class='ocrx_word' id='word_1_170' title='bbox 1763 1264 2004 1313; x_wconf 82' lang='lat' dir='ltr'>disceffiffe.</span> <span class='ocrx_word' id='word_1_171' title='bbox 2089 1267 2308 1313; x_wconf 60' lang='lat' dir='ltr'>Laeteum</span> 
     </span>
     <span class='ocr_line' id='line_1_18' title="bbox 257 1328 2309 1398; baseline -0.005 -14"><span class='ocrx_word' id='word_1_172' title='bbox 257 1340 368 1398; x_wconf 87' lang='lat' dir='ltr'>quid</span> <span class='ocrx_word' id='word_1_173' title='bbox 401 1355 455 1383; x_wconf 85' lang='lat' dir='ltr'>ex</span> <span class='ocrx_word' id='word_1_174' title='bbox 481 1339 685 1397; x_wconf 87' lang='lat' dir='ltr'>placenta</span> <span class='ocrx_word' id='word_1_175' title='bbox 714 1335 762 1380; x_wconf 90' lang='lat' dir='ltr'>in</span> <span class='ocrx_word' id='word_1_176' title='bbox 789 1350 929 1380; x_wconf 86' lang='lat' dir='ltr'>ovum</span> <span class='ocrx_word' id='word_1_177' title='bbox 953 1332 1154 1380; x_wconf 77' lang='lat' dir='ltr'>transire.</span> <span class='ocrx_word' id='word_1_178' title='bbox 1240 1331 1360 1378; x_wconf 81' lang='lat' dir='ltr'>Vasa</span> <span class='ocrx_word' id='word_1_179' title='bbox 1389 1330 1583 1378; x_wconf 64' lang='lat' dir='ltr'>laetifera</span> <span class='ocrx_word' id='word_1_180' title='bbox 1614 1347 1820 1376; x_wconf 80' lang='lat' dir='ltr'>mammae</span> <span class='ocrx_word' id='word_1_181' title='bbox 1850 1328 2084 1383; x_wconf 81' lang='lat' dir='ltr'>describit,</span> <span class='ocrx_word' id='word_1_182' title='bbox 2120 1332 2170 1375; x_wconf 91' lang='lat' dir='ltr'>in</span> <span class='ocrx_word' id='word_1_183' title='bbox 2202 1345 2309 1375; x_wconf 88' lang='lat' dir='ltr'>ana-</span> 
     </span>
     <span class='ocr_line' id='line_1_19' title="bbox 254 1392 2308 1458; baseline -0.005 -10"><span class='ocrx_word' id='word_1_184' title='bbox 254 1403 435 1448; x_wconf 87' lang='lat' dir='ltr'>tomicis</span> <span class='ocrx_word' id='word_1_185' title='bbox 465 1400 670 1447; x_wconf 84' lang='lat' dir='ltr'>fontibus</span> <span class='ocrx_word' id='word_1_186' title='bbox 702 1397 836 1451; x_wconf 85' lang='lat' dir='ltr'>usus,</span> <span class='ocrx_word' id='word_1_187' title='bbox 875 1414 990 1458; x_wconf 90' lang='lat' dir='ltr'>quos</span> <span class='ocrx_word' id='word_1_188' title='bbox 1026 1398 1214 1458; x_wconf 88' lang='lat' dir='ltr'>putabat</span> <span class='ocrx_word' id='word_1_189' title='bbox 1250 1397 1463 1457; x_wconf 88' lang='lat' dir='ltr'>optimos.</span> <span class='ocrx_word' id='word_1_190' title='bbox 1546 1397 1617 1441; x_wconf 92' lang='lat' dir='ltr'>De</span> <span class='ocrx_word' id='word_1_191' title='bbox 1652 1392 1945 1453; x_wconf 82' lang='lat' dir='ltr'>respiratione</span> <span class='ocrx_word' id='word_1_192' title='bbox 1978 1406 2308 1453; x_wconf 80' lang='lat' dir='ltr'>praeceptorum</span> 
     </span>
     <span class='ocr_line' id='line_1_20' title="bbox 255 1455 2310 1524; baseline -0.004 -14"><span class='ocrx_word' id='word_1_193' title='bbox 255 1464 457 1512; x_wconf 84' lang='lat' dir='ltr'>defendit</span> <span class='ocrx_word' id='word_1_194' title='bbox 479 1499 491 1519; x_wconf 87' lang='lat'>,</span> <span class='ocrx_word' id='word_1_195' title='bbox 539 1466 580 1510; x_wconf 86' lang='lat'>&amp;</span> <span class='ocrx_word' id='word_1_196' title='bbox 610 1464 660 1510; x_wconf 89' lang='lat' dir='ltr'>in</span> <span class='ocrx_word' id='word_1_197' title='bbox 696 1461 1045 1524; x_wconf 85' lang='lat' dir='ltr'>diaphragmatis</span> <span class='ocrx_word' id='word_1_198' title='bbox 1082 1461 1272 1508; x_wconf 68' lang='lat' dir='ltr'>actione.</span> <span class='ocrx_word' id='word_1_199' title='bbox 1353 1460 1553 1508; x_wconf 81' lang='lat' dir='ltr'>Partium</span> <span class='ocrx_word' id='word_1_200' title='bbox 1585 1459 1854 1521; x_wconf 85' lang='lat' dir='ltr'>genitalium</span> <span class='ocrx_word' id='word_1_201' title='bbox 1887 1459 2085 1518; x_wconf 79' lang='lat' dir='ltr'>aliquam</span> <span class='ocrx_word' id='word_1_202' title='bbox 2125 1458 2201 1505; x_wconf 90' lang='lat' dir='ltr'>dat</span> <span class='ocrx_word' id='word_1_203' title='bbox 2239 1455 2310 1502; x_wconf 89' lang='lat' dir='ltr'>hi-</span> 
     </span>
     <span class='ocr_line' id='line_1_21' title="bbox 253 1528 449 1575; baseline 0 0"><span class='ocrx_word' id='word_1_204' title='bbox 253 1528 449 1575; x_wconf 86' lang='lat' dir='ltr'>storiam.</span> 
     </span>
    </p>
   </div>
   <div class='ocr_carea' id='block_1_5' title="bbox 254 1603 2311 1865">
    <p class='ocr_par' dir='ltr' id='par_1_5' title="bbox 254 1603 2311 1865">
     <span class='ocr_line' id='line_1_22' title="bbox 383 1603 2310 1670; baseline -0.004 -13"><span class='ocrx_word' id='word_1_205' title='bbox 383 1611 557 1657; x_wconf 84' lang='lat' dir='ltr'>Contra</span> <span class='ocrx_word' id='word_1_206' title='bbox 584 1609 946 1670; x_wconf 86' lang='lat' dir='ltr'>superstitionem</span> <span class='ocrx_word' id='word_1_207' title='bbox 972 1609 1312 1668; x_wconf 86' lang='lat' dir='ltr'>Vampyrorum</span> <span class='ocrx_word' id='word_1_208' title='bbox 1339 1605 1535 1668; x_wconf 82' lang='lat' dir='ltr'>scripsit,</span> <span class='ocrx_word' id='word_1_209' title='bbox 1579 1623 1713 1667; x_wconf 90' lang='lat' dir='ltr'>quem</span> <span class='ocrx_word' id='word_1_210' title='bbox 1741 1605 1942 1653; x_wconf 85' lang='lat' dir='ltr'>libellum</span> <span class='ocrx_word' id='word_1_211' title='bbox 1971 1621 2069 1651; x_wconf 90' lang='lat' dir='ltr'>non</span> <span class='ocrx_word' id='word_1_212' title='bbox 2095 1603 2218 1657; x_wconf 86' lang='lat' dir='ltr'>vidi,</span> <span class='ocrx_word' id='word_1_213' title='bbox 2253 1603 2310 1649; x_wconf 87' lang='lat' dir='ltr'>ti-</span> 
     </span>
     <span class='ocr_line' id='line_1_23' title="bbox 255 1669 2311 1734; baseline -0.006 -11"><span class='ocrx_word' id='word_1_214' title='bbox 255 1677 381 1723; x_wconf 90' lang='lat' dir='ltr'>tulus</span> <span class='ocrx_word' id='word_1_215' title='bbox 410 1674 471 1720; x_wconf 82' lang='lat' dir='ltr'>est</span> <span class='ocrx_word' id='word_1_216' title='bbox 501 1675 843 1733; x_wconf 72' lang='lat' dir='ltr'>Confiderazione</span> <span class='ocrx_word' id='word_1_217' title='bbox 872 1679 1044 1720; x_wconf 81' lang='lat' dir='ltr'>intorno</span> <span class='ocrx_word' id='word_1_218' title='bbox 1072 1674 1156 1718; x_wconf 80' lang='lat' dir='ltr'>alla</span> <span class='ocrx_word' id='word_1_219' title='bbox 1178 1673 1379 1734; x_wconf 82' lang='lat' dir='ltr'>pretensa</span> <span class='ocrx_word' id='word_1_220' title='bbox 1409 1676 1553 1733; x_wconf 74' lang='lat' dir='ltr'>magia</span> <span class='ocrx_word' id='word_1_221' title='bbox 1577 1680 1768 1733; x_wconf 71' lang='lat' dir='ltr'>postuma</span> <span class='ocrx_word' id='word_1_222' title='bbox 1787 1670 2033 1732; x_wconf 79' lang='lat' dir='ltr'>presentata</span> <span class='ocrx_word' id='word_1_223' title='bbox 2056 1669 2103 1714; x_wconf 82' lang='lat' dir='ltr'>al</span> <span class='ocrx_word' id='word_1_224' title='bbox 2116 1669 2311 1729; x_wconf 63' lang='lat' dir='ltr'>fiaeprento</span> 
     </span>
     <span class='ocr_line' id='line_1_24' title="bbox 254 1732 2310 1794; baseline -0.004 -9"><span class='ocrx_word' id='word_1_225' title='bbox 254 1741 483 1786; x_wconf 82' lang='lat' dir='ltr'>direttorio</span> <span class='ocrx_word' id='word_1_226' title='bbox 511 1739 558 1786; x_wconf 85' lang='lat' dir='ltr'>di</span> <span class='ocrx_word' id='word_1_227' title='bbox 592 1745 749 1788; x_wconf 79' lang='lat' dir='ltr'>Vienna</span> <span class='ocrx_word' id='word_1_228' title='bbox 784 1737 1024 1785; x_wconf 85' lang='lat' dir='ltr'>Roveredo</span> <span class='ocrx_word' id='word_1_229' title='bbox 1056 1743 1186 1794; x_wconf 88' lang='lat'>1756.</span> <span class='ocrx_word' id='word_1_230' title='bbox 1212 1743 1251 1790; x_wconf 89' lang='lat'>8.</span> <span class='ocrx_word' id='word_1_231' title='bbox 1322 1736 1591 1783; x_wconf 81' lang='lat' dir='ltr'>Germanice</span> <span class='ocrx_word' id='word_1_232' title='bbox 1620 1734 1797 1793; x_wconf 78' lang='lat' dir='ltr'>Discurs</span> <span class='ocrx_word' id='word_1_233' title='bbox 1820 1751 1905 1781; x_wconf 86' lang='lat' dir='ltr'>von</span> <span class='ocrx_word' id='word_1_234' title='bbox 1925 1734 2006 1780; x_wconf 85' lang='lat' dir='ltr'>den</span> <span class='ocrx_word' id='word_1_235' title='bbox 2032 1732 2310 1794; x_wconf 71' lang='lat' dir='ltr'>Geffienstern,</span> 
     </span>
     <span class='ocr_line' id='line_1_25' title="bbox 255 1799 1703 1865; baseline -0.004 -14"><span class='ocrx_word' id='word_1_236' title='bbox 255 1803 365 1865; x_wconf 84' lang='lat' dir='ltr'>nebst</span> <span class='ocrx_word' id='word_1_237' title='bbox 387 1808 516 1849; x_wconf 86' lang='lat' dir='ltr'>einem</span> <span class='ocrx_word' id='word_1_238' title='bbox 543 1802 751 1864; x_wconf 75' lang='lat' dir='ltr'>Anhange</span> <span class='ocrx_word' id='word_1_239' title='bbox 774 1819 873 1849; x_wconf 86' lang='lat' dir='ltr'>vonz</span> <span class='ocrx_word' id='word_1_240' title='bbox 906 1801 1199 1863; x_wconf 61' lang='lat' dir='ltr'>Vanfflirifinus</span> <span class='ocrx_word' id='word_1_241' title='bbox 1227 1799 1467 1862; x_wconf 87' lang='lat' dir='ltr'>Augspurg</span> <span class='ocrx_word' id='word_1_242' title='bbox 1497 1805 1633 1859; x_wconf 86' lang='lat'><em>1767.</em></span> <span class='ocrx_word' id='word_1_243' title='bbox 1657 1811 1703 1858; x_wconf 87' lang='lat'>4.</span> 
     </span>
    </p>
   </div>
   <div class='ocr_carea' id='block_1_6' title="bbox 649 1926 1894 1990">
    <p class='ocr_par' dir='ltr' id='par_1_6' title="bbox 649 1926 1894 1990">
     <span class='ocr_line' id='line_1_26' title="bbox 649 1926 1894 1990; baseline -0.002 -14"><span class='ocrx_word' id='word_1_244' title='bbox 649 1928 694 1985; x_wconf 82' lang='lat'>§.</span> <span class='ocrx_word' id='word_1_245' title='bbox 731 1933 774 1978; x_wconf 95' lang='lat' dir='ltr'>D</span> <span class='ocrx_word' id='word_1_246' title='bbox 789 1932 826 1978; x_wconf 94' lang='lat' dir='ltr'>C</span> <span class='ocrx_word' id='word_1_247' title='bbox 839 1932 877 1978; x_wconf 91' lang='lat' dir='ltr'>C</span> <span class='ocrx_word' id='word_1_248' title='bbox 887 1931 925 1977; x_wconf 91' lang='lat' dir='ltr'>C</span> <span class='ocrx_word' id='word_1_249' title='bbox 939 1930 977 1976; x_wconf 92' lang='lat' dir='ltr'>C</span> <span class='ocrx_word' id='word_1_250' title='bbox 987 1930 1032 1976; x_wconf 93' lang='lat' dir='ltr'>V</span> <span class='ocrx_word' id='word_1_251' title='bbox 1045 1930 1078 1976; x_wconf 95' lang='grc' dir='ltr'>Ι.</span> <span class='ocrx_word' id='word_1_252' title='bbox 1147 1933 1441 1990; x_wconf 76' lang='lat' dir='ltr'>Hieronymus</span> <span class='ocrx_word' id='word_1_253' title='bbox 1464 1926 1619 1975; x_wconf 82' lang='lat' dir='ltr'>David</span> <span class='ocrx_word' id='word_1_254' title='bbox 1649 1928 1868 1974; x_wconf 81' lang='lat' dir='ltr'>GAUBIUS</span> <span class='ocrx_word' id='word_1_255' title='bbox 1882 1961 1894 1980; x_wconf 93' lang='lat'>‚</span> 
     </span>
    </p>
   </div>
   <div class='ocr_carea' id='block_1_7' title="bbox 255 2017 2312 2217">
    <p class='ocr_par' dir='ltr' id='par_1_7' title="bbox 255 2017 2312 2217">
     <span class='ocr_line' id='line_1_27' title="bbox 385 2017 2310 2088; baseline -0.005 -13"><span class='ocrx_word' id='word_1_256' title='bbox 385 2028 707 2074; x_wconf 66' lang='lat' dir='ltr'>BOERHAAVH</span> <span class='ocrx_word' id='word_1_257' title='bbox 734 2027 1001 2088; x_wconf 86' lang='lat' dir='ltr'>discipulus,</span> <span class='ocrx_word' id='word_1_258' title='bbox 1043 2028 1085 2073; x_wconf 85' lang='lat'>&amp;</span> <span class='ocrx_word' id='word_1_259' title='bbox 1110 2023 1340 2078; x_wconf 77' lang='lat' dir='ltr'>successor,</span> <span class='ocrx_word' id='word_1_260' title='bbox 1366 2025 1438 2070; x_wconf 88' lang='lat' dir='ltr'>vir</span> <span class='ocrx_word' id='word_1_261' title='bbox 1472 2025 1647 2086; x_wconf 81' lang='lat' dir='ltr'>egregie</span> <span class='ocrx_word' id='word_1_262' title='bbox 1668 2024 1854 2077; x_wconf 65' lang='lat' dir='ltr'>doctus,</span> <span class='ocrx_word' id='word_1_263' title='bbox 1890 2019 2119 2069; x_wconf 77' lang='lat' dir='ltr'>chemicus</span> <span class='ocrx_word' id='word_1_264' title='bbox 2141 2017 2310 2080; x_wconf 85' lang='lat' dir='ltr'>potiffi-</span> 
     </span>
     <span class='ocr_line' id='line_1_28' title="bbox 257 2084 2306 2148; baseline -0.005 -8"><span class='ocrx_word' id='word_1_265' title='bbox 257 2108 383 2140; x_wconf 85' lang='lat' dir='ltr'>mum</span> <span class='ocrx_word' id='word_1_266' title='bbox 413 2095 454 2137; x_wconf 60' lang='grc' dir='ltr'><strong><em>ἃ</em></strong></span> <span class='ocrx_word' id='word_1_267' title='bbox 481 2092 693 2144; x_wconf 88' lang='lat' dir='ltr'>clinicus,</span> <span class='ocrx_word' id='word_1_268' title='bbox 743 2105 902 2138; x_wconf 86' lang='lat' dir='ltr'>cautus</span> <span class='ocrx_word' id='word_1_269' title='bbox 937 2092 1039 2143; x_wconf 87' lang='lat' dir='ltr'>vir,</span> <span class='ocrx_word' id='word_1_270' title='bbox 1087 2091 1204 2136; x_wconf 84' lang='lat' dir='ltr'>&amp;in</span> <span class='ocrx_word' id='word_1_271' title='bbox 1242 2088 1510 2148; x_wconf 86' lang='lat' dir='ltr'>recipiendis</span> <span class='ocrx_word' id='word_1_272' title='bbox 1545 2089 1841 2148; x_wconf 86' lang='lat' dir='ltr'>opinionibus</span> <span class='ocrx_word' id='word_1_273' title='bbox 1877 2084 2089 2132; x_wconf 83' lang='lat' dir='ltr'>difficilis.</span> <span class='ocrx_word' id='word_1_274' title='bbox 2188 2085 2306 2145; x_wconf 84' lang='lat' dir='ltr'>EJUS</span> 
     </span>
     <span class='ocr_line' id='line_1_29' title="bbox 255 2145 2312 2217; baseline -0.005 -14"><span class='ocrx_word' id='word_1_275' title='bbox 255 2157 351 2203; x_wconf 78' lang='lat' dir='ltr'>idea</span> <span class='ocrx_word' id='word_1_276' title='bbox 359 2155 563 2217; x_wconf 71' lang='lat' dir='ltr'>generalis</span> <span class='ocrx_word' id='word_1_277' title='bbox 575 2154 813 2213; x_wconf 81' lang='lat' dir='ltr'>solidarum</span> <span class='ocrx_word' id='word_1_278' title='bbox 837 2159 1026 2216; x_wconf 81' lang='lat' dir='ltr'>corporis</span> <span class='ocrx_word' id='word_1_279' title='bbox 1040 2154 1211 2201; x_wconf 79' lang='lat' dir='ltr'>humani</span> <span class='ocrx_word' id='word_1_280' title='bbox 1216 2158 1410 2216; x_wconf 81' lang='lat' dir='ltr'>partium</span> <span class='ocrx_word' id='word_1_281' title='bbox 1434 2151 1525 2198; x_wconf 77' lang='lat' dir='ltr'>diff.</span> <span class='ocrx_word' id='word_1_282' title='bbox 1545 2152 1605 2198; x_wconf 86' lang='lat' dir='ltr'>est</span> <span class='ocrx_word' id='word_1_283' title='bbox 1619 2151 1896 2213; x_wconf 89' lang='lat' dir='ltr'>inauguralis</span> <span class='ocrx_word' id='word_1_284' title='bbox 1930 2149 2052 2196; x_wconf 89' lang='lat' dir='ltr'>Leid.</span> <span class='ocrx_word' id='word_1_285' title='bbox 2073 2158 2207 2207; x_wconf 87' lang='lat'>1725.</span> <span class='ocrx_word' id='word_1_286' title='bbox 2230 2145 2312 2206; x_wconf 72' lang='lat'>4*</span> 
     </span>
    </p>
   </div>
   <div class='ocr_carea' id='block_1_8' title="bbox 255 2228 2309 2552">
    <p class='ocr_par' dir='ltr' id='par_1_8' title="bbox 255 2228 2309 2552">
     <span class='ocr_line' id='line_1_30' title="bbox 336 2228 2307 2297; baseline -0.004 -14"><span class='ocrx_word' id='word_1_287' title='bbox 336 2268 341 2274; x_wconf 31' lang='grc' dir='ltr'>κ</span> <span class='ocrx_word' id='word_1_288' title='bbox 388 2238 512 2297; x_wconf 84' lang='lat' dir='ltr'>EJUS</span> <span class='ocrx_word' id='word_1_289' title='bbox 545 2239 689 2282; x_wconf 80' lang='lat' dir='ltr'>Sermo</span> <span class='ocrx_word' id='word_1_290' title='bbox 723 2236 773 2281; x_wconf 85' lang='lat' dir='ltr'>de</span> <span class='ocrx_word' id='word_1_291' title='bbox 797 2241 997 2296; x_wconf 79' lang='lat' dir='ltr'>regimine</span> <span class='ocrx_word' id='word_1_292' title='bbox 1023 2240 1195 2289; x_wconf 85' lang='lat' dir='ltr'>mentis,</span> <span class='ocrx_word' id='word_1_293' title='bbox 1238 2235 1351 2295; x_wconf 76' lang='lat' dir='ltr'>quod</span> <span class='ocrx_word' id='word_1_294' title='bbox 1374 2235 1630 2280; x_wconf 83' lang='lat' dir='ltr'>medicorum</span> <span class='ocrx_word' id='word_1_295' title='bbox 1655 2236 1704 2294; x_wconf 78' lang='lat' dir='ltr'>est</span> <span class='ocrx_word' id='word_1_296' title='bbox 1736 2232 1859 2280; x_wconf 90' lang='lat' dir='ltr'>Leid.</span> <span class='ocrx_word' id='word_1_297' title='bbox 1886 2242 2019 2290; x_wconf 78' lang='lat'><strong>1747.</strong></span> <span class='ocrx_word' id='word_1_298' title='bbox 2052 2228 2133 2289; x_wconf 71' lang='lat'>4*</span> <span class='ocrx_word' id='word_1_299' title='bbox 2199 2230 2307 2276; x_wconf 86' lang='lat' dir='ltr'>Plus</span> 
     </span>
     <span class='ocr_line' id='line_1_31' title="bbox 256 2297 2308 2358; baseline -0.004 -9"><span class='ocrx_word' id='word_1_300' title='bbox 256 2302 306 2349; x_wconf 77' lang='lat' dir='ltr'>in</span> <span class='ocrx_word' id='word_1_301' title='bbox 334 2301 530 2347; x_wconf 85' lang='lat' dir='ltr'>animam</span> <span class='ocrx_word' id='word_1_302' title='bbox 552 2298 752 2345; x_wconf 88' lang='lat' dir='ltr'>hominis</span> <span class='ocrx_word' id='word_1_303' title='bbox 775 2316 936 2358; x_wconf 90' lang='lat' dir='ltr'>corpus</span> <span class='ocrx_word' id='word_1_304' title='bbox 962 2299 1104 2357; x_wconf 70' lang='lat' dir='ltr'>poss&#39;e,</span> <span class='ocrx_word' id='word_1_305' title='bbox 1142 2315 1275 2358; x_wconf 88' lang='lat' dir='ltr'>quam</span> <span class='ocrx_word' id='word_1_306' title='bbox 1307 2299 1357 2343; x_wconf 88' lang='lat' dir='ltr'>in</span> <span class='ocrx_word' id='word_1_307' title='bbox 1389 2314 1551 2356; x_wconf 89' lang='lat' dir='ltr'>corpus</span> <span class='ocrx_word' id='word_1_308' title='bbox 1581 2298 1804 2348; x_wconf 81' lang='lat' dir='ltr'>animam3</span> <span class='ocrx_word' id='word_1_309' title='bbox 1842 2297 2004 2354; x_wconf 89' lang='lat' dir='ltr'>Neque</span> <span class='ocrx_word' id='word_1_310' title='bbox 2031 2311 2125 2339; x_wconf 85' lang='lat' dir='ltr'>eam</span> <span class='ocrx_word' id='word_1_311' title='bbox 2155 2306 2308 2340; x_wconf 89' lang='lat' dir='ltr'>motus</span> 
     </span>
     <span class='ocr_line' id='line_1_32' title="bbox 255 2357 2306 2421; baseline -0.005 -9"><span class='ocrx_word' id='word_1_312' title='bbox 255 2364 592 2413; x_wconf 84' lang='lat' dir='ltr'>involuntarios</span> <span class='ocrx_word' id='word_1_313' title='bbox 619 2363 880 2421; x_wconf 63' lang='lat' dir='ltr'>producere,</span> <span class='ocrx_word' id='word_1_314' title='bbox 948 2363 1163 2408; x_wconf 82' lang='lat' dir='ltr'>Fabulam</span> <span class='ocrx_word' id='word_1_315' title='bbox 1186 2360 1281 2413; x_wconf 79' lang='lat' dir='ltr'>esse,</span> <span class='ocrx_word' id='word_1_316' title='bbox 1309 2377 1443 2419; x_wconf 89' lang='lat' dir='ltr'>quam</span> <span class='ocrx_word' id='word_1_317' title='bbox 1471 2362 1629 2406; x_wconf 87' lang='lat' dir='ltr'>dicunt</span> <span class='ocrx_word' id='word_1_318' title='bbox 1652 2359 1934 2407; x_wconf 83' lang='lat' dir='ltr'>harmoniam</span> <span class='ocrx_word' id='word_1_319' title='bbox 1961 2357 2306 2418; x_wconf 77' lang='lat' dir='ltr'>praestabilitani.</span> 
     </span>
     <span class='ocr_line' id='line_1_33' title="bbox 256 2422 2309 2484; baseline -0.004 -9"><span class='ocrx_word' id='word_1_320' title='bbox 256 2428 556 2476; x_wconf 84' lang='lat' dir='ltr'>Voluntarios</span> <span class='ocrx_word' id='word_1_321' title='bbox 574 2427 709 2472; x_wconf 84' lang='lat' dir='ltr'>etiam</span> <span class='ocrx_word' id='word_1_322' title='bbox 729 2438 879 2472; x_wconf 87' lang='lat' dir='ltr'>motus</span> <span class='ocrx_word' id='word_1_323' title='bbox 901 2423 1093 2471; x_wconf 81' lang='lat' dir='ltr'>subinde</span> <span class='ocrx_word' id='word_1_324' title='bbox 1117 2423 1282 2484; x_wconf 83' lang='lat' dir='ltr'>absque</span> <span class='ocrx_word' id='word_1_325' title='bbox 1307 2425 1467 2470; x_wconf 80' lang='lat' dir='ltr'>animae</span> <span class='ocrx_word' id='word_1_326' title='bbox 1485 2425 1676 2484; x_wconf 82' lang='lat' dir='ltr'>imperio</span> <span class='ocrx_word' id='word_1_327' title='bbox 1702 2422 1841 2476; x_wconf 67' lang='lat' dir='ltr'>nasci.</span> <span class='ocrx_word' id='word_1_328' title='bbox 1908 2422 2089 2483; x_wconf 86' lang='lat' dir='ltr'>Ingenii</span> <span class='ocrx_word' id='word_1_329' title='bbox 2118 2436 2309 2468; x_wconf 87' lang='lat' dir='ltr'>acumen</span> 
     </span>
     <span class='ocr_line' id='line_1_34' title="bbox 256 2489 611 2552; baseline -0.014 -12"><span class='ocrx_word' id='word_1_330' title='bbox 256 2509 281 2540; x_wconf 80' lang='lat' dir='ltr'>a</span> <span class='ocrx_word' id='word_1_331' title='bbox 308 2506 495 2552; x_wconf 87' lang='lat' dir='ltr'>corpore</span> <span class='ocrx_word' id='word_1_332' title='bbox 516 2489 611 2536; x_wconf 85' lang='lat' dir='ltr'>effe.</span> 
     </span>
    </p>
   </div>
   <div class='ocr_carea' id='block_1_9' title="bbox 257 2565 2340 3012">
    <p class='ocr_par' dir='ltr' id='par_1_9' title="bbox 257 2565 2340 3012">
     <span class='ocr_line' id='line_1_35' title="bbox 383 2565 2309 2633; baseline -0.003 -15"><span class='ocrx_word' id='word_1_333' title='bbox 383 2574 458 2633; x_wconf 83' lang='lat' dir='ltr'>EJ.</span> <span class='ocrx_word' id='word_1_334' title='bbox 488 2576 631 2619; x_wconf 82' lang='lat' dir='ltr'>Sermo</span> <span class='ocrx_word' id='word_1_335' title='bbox 643 2570 924 2617; x_wconf 83' lang='lat' dir='ltr'>Academicus</span> <span class='ocrx_word' id='word_1_336' title='bbox 940 2571 1050 2616; x_wconf 80' lang='lat' dir='ltr'>alter</span> <span class='ocrx_word' id='word_1_337' title='bbox 1064 2570 1114 2616; x_wconf 82' lang='lat' dir='ltr'>de</span> <span class='ocrx_word' id='word_1_338' title='bbox 1126 2574 1326 2631; x_wconf 78' lang='lat' dir='ltr'>regimine</span> <span class='ocrx_word' id='word_1_339' title='bbox 1343 2568 1438 2626; x_wconf 52' lang='lat' dir='ltr'>&amp;a</span> <span class='ocrx_word' id='word_1_340' title='bbox 1468 2568 1592 2616; x_wconf 87' lang='lat' dir='ltr'>Leid.</span> <span class='ocrx_word' id='word_1_341' title='bbox 1615 2575 1749 2627; x_wconf 83' lang='lat'><em>1763.</em></span> <span class='ocrx_word' id='word_1_342' title='bbox 1770 2565 1851 2627; x_wconf 72' lang='lat'>4*</span> <span class='ocrx_word' id='word_1_343' title='bbox 1884 2570 1953 2614; x_wconf 92' lang='lat' dir='ltr'>De</span> <span class='ocrx_word' id='word_1_344' title='bbox 1970 2579 2118 2614; x_wconf 86' lang='lat' dir='ltr'>mente</span> <span class='ocrx_word' id='word_1_345' title='bbox 2134 2576 2309 2627; x_wconf 88' lang='lat' dir='ltr'>pertur-</span> 
     </span>
     <span class='ocr_line' id='line_1_36' title="bbox 257 2630 2306 2697; baseline -0.004 -13"><span class='ocrx_word' id='word_1_346' title='bbox 257 2638 382 2690; x_wconf 85' lang='lat' dir='ltr'>bata,</span> <span class='ocrx_word' id='word_1_347' title='bbox 423 2639 464 2683; x_wconf 87' lang='lat'>&amp;</span> <span class='ocrx_word' id='word_1_348' title='bbox 499 2637 596 2697; x_wconf 80' lang='lat' dir='ltr'>ejus</span> <span class='ocrx_word' id='word_1_349' title='bbox 627 2635 677 2680; x_wconf 89' lang='lat' dir='ltr'>in</span> <span class='ocrx_word' id='word_1_350' title='bbox 711 2634 843 2680; x_wconf 89' lang='lat' dir='ltr'>suum</span> <span class='ocrx_word' id='word_1_351' title='bbox 885 2651 1047 2694; x_wconf 85' lang='lat' dir='ltr'>corpus</span> <span class='ocrx_word' id='word_1_352' title='bbox 1074 2634 1305 2694; x_wconf 83' lang='lat' dir='ltr'>potestate.</span> <span class='ocrx_word' id='word_1_353' title='bbox 1374 2630 1571 2680; x_wconf 68' lang='lat' dir='ltr'>Effedlus</span> <span class='ocrx_word' id='word_1_354' title='bbox 1603 2631 1807 2679; x_wconf 84' lang='lat' dir='ltr'>diriffimi</span> <span class='ocrx_word' id='word_1_355' title='bbox 1839 2631 2101 2679; x_wconf 69' lang='lat' dir='ltr'>adfectuum</span> <span class='ocrx_word' id='word_1_356' title='bbox 2136 2630 2306 2675; x_wconf 83' lang='lat' dir='ltr'>animi:</span> 
     </span>
     <span class='ocr_line' id='line_1_37' title="bbox 259 2691 2308 2758; baseline -0.004 -11"><span class='ocrx_word' id='word_1_357' title='bbox 259 2699 434 2747; x_wconf 82' lang='lat' dir='ltr'>morsus</span> <span class='ocrx_word' id='word_1_358' title='bbox 462 2700 564 2746; x_wconf 88' lang='lat' dir='ltr'>irati</span> <span class='ocrx_word' id='word_1_359' title='bbox 586 2698 788 2744; x_wconf 86' lang='lat' dir='ltr'>hominis</span> <span class='ocrx_word' id='word_1_360' title='bbox 811 2697 1140 2758; x_wconf 79' lang='lat' dir='ltr'>hydrophobiae</span> <span class='ocrx_word' id='word_1_361' title='bbox 1159 2696 1303 2744; x_wconf 88' lang='lat' dir='ltr'>caufa.</span> <span class='ocrx_word' id='word_1_362' title='bbox 1372 2699 1442 2743; x_wconf 84' lang='lat' dir='ltr'>Ex</span> <span class='ocrx_word' id='word_1_363' title='bbox 1471 2710 1639 2743; x_wconf 89' lang='lat' dir='ltr'>terrore</span> <span class='ocrx_word' id='word_1_364' title='bbox 1665 2695 1825 2743; x_wconf 82' lang='lat' dir='ltr'>subitae</span> <span class='ocrx_word' id='word_1_365' title='bbox 1848 2707 2032 2741; x_wconf 88' lang='lat' dir='ltr'>mortes.</span> <span class='ocrx_word' id='word_1_366' title='bbox 2100 2691 2308 2739; x_wconf 85' lang='lat' dir='ltr'>Benefica</span> 
     </span>
     <span class='ocr_line' id='line_1_38' title="bbox 258 2756 2306 2824; baseline -0.004 -15"><span class='ocrx_word' id='word_1_367' title='bbox 258 2763 449 2824; x_wconf 87' lang='lat' dir='ltr'>potestas</span> <span class='ocrx_word' id='word_1_368' title='bbox 474 2764 640 2809; x_wconf 75' lang='lat' dir='ltr'>laetitiae</span> <span class='ocrx_word' id='word_1_369' title='bbox 666 2764 707 2808; x_wconf 67' lang='grc' dir='ltr'>ὃς</span> <span class='ocrx_word' id='word_1_370' title='bbox 727 2760 984 2808; x_wconf 67' lang='lat' dir='ltr'>adfectuum</span> <span class='ocrx_word' id='word_1_371' title='bbox 998 2774 1244 2821; x_wconf 80' lang='lat' dir='ltr'>gratorum.</span> <span class='ocrx_word' id='word_1_372' title='bbox 1314 2762 1516 2821; x_wconf 86' lang='lat' dir='ltr'>Benigna</span> <span class='ocrx_word' id='word_1_373' title='bbox 1539 2763 1604 2807; x_wconf 86' lang='lat' dir='ltr'>vis</span> <span class='ocrx_word' id='word_1_374' title='bbox 1629 2759 1736 2814; x_wconf 83' lang='lat' dir='ltr'>fitis,</span> <span class='ocrx_word' id='word_1_375' title='bbox 1774 2758 1965 2811; x_wconf 58' lang='lat' dir='ltr'>nauseae,</span> <span class='ocrx_word' id='word_1_376' title='bbox 1999 2756 2144 2804; x_wconf 86' lang='lat' dir='ltr'>famis.</span> <span class='ocrx_word' id='word_1_377' title='bbox 2214 2758 2306 2802; x_wconf 85' lang='lat' dir='ltr'>De-</span> 
     </span>
     <span class='ocr_line' id='line_1_39' title="bbox 258 2818 2309 2885; baseline -0.004 -12"><span class='ocrx_word' id='word_1_378' title='bbox 258 2828 411 2873; x_wconf 87' lang='lat' dir='ltr'>lirium</span> <span class='ocrx_word' id='word_1_379' title='bbox 440 2839 609 2872; x_wconf 84' lang='lat' dir='ltr'>terrore</span> <span class='ocrx_word' id='word_1_380' title='bbox 636 2824 925 2885; x_wconf 71' lang='lat' dir='ltr'>suppressum.</span> <span class='ocrx_word' id='word_1_381' title='bbox 994 2825 1155 2871; x_wconf 75' lang='lat' dir='ltr'>videri</span> <span class='ocrx_word' id='word_1_382' title='bbox 1178 2826 1227 2870; x_wconf 86' lang='lat' dir='ltr'>in</span> <span class='ocrx_word' id='word_1_383' title='bbox 1254 2823 1440 2870; x_wconf 87' lang='lat' dir='ltr'>homine</span> <span class='ocrx_word' id='word_1_384' title='bbox 1469 2828 1509 2871; x_wconf 82' lang='lat'>&amp;</span> <span class='ocrx_word' id='word_1_385' title='bbox 1534 2837 1732 2870; x_wconf 86' lang='lat' dir='ltr'>mentem</span> <span class='ocrx_word' id='word_1_386' title='bbox 1752 2823 1858 2875; x_wconf 85' lang='lat' dir='ltr'>effe,</span> <span class='ocrx_word' id='word_1_387' title='bbox 1895 2825 1936 2867; x_wconf 82' lang='lat'>&amp;</span> <span class='ocrx_word' id='word_1_388' title='bbox 1967 2821 2089 2867; x_wconf 86' lang='lat' dir='ltr'>aliud</span> <span class='ocrx_word' id='word_1_389' title='bbox 2111 2837 2206 2873; x_wconf 83' lang='lat' dir='ltr'>ens,</span> <span class='ocrx_word' id='word_1_390' title='bbox 2244 2818 2309 2866; x_wconf 87' lang='lat' dir='ltr'>se-</span> 
     </span>
     <span class='ocr_line' id='line_1_40' title="bbox 259 2883 2340 2946; baseline -0.004 -10"><span class='ocrx_word' id='word_1_391' title='bbox 259 2891 361 2936; x_wconf 82' lang='lat' dir='ltr'>dem</span> <span class='ocrx_word' id='word_1_392' title='bbox 391 2888 647 2936; x_wconf 67' lang='lat' dir='ltr'>adfectuum</span> <span class='ocrx_word' id='word_1_393' title='bbox 678 2890 831 2936; x_wconf 87' lang='lat' dir='ltr'>animi.</span> <span class='ocrx_word' id='word_1_394' title='bbox 902 2889 1053 2936; x_wconf 86' lang='lat' dir='ltr'>Multa</span> <span class='ocrx_word' id='word_1_395' title='bbox 1079 2889 1306 2934; x_wconf 84' lang='lat' dir='ltr'>voluntati</span> <span class='ocrx_word' id='word_1_396' title='bbox 1338 2888 1522 2940; x_wconf 84' lang='lat' dir='ltr'>tribuit,</span> <span class='ocrx_word' id='word_1_397' title='bbox 1558 2890 1693 2934; x_wconf 89' lang='lat' dir='ltr'>etiam</span> <span class='ocrx_word' id='word_1_398' title='bbox 1725 2886 2062 2946; x_wconf 81' lang='lat' dir='ltr'>respirationem</span> <span class='ocrx_word' id='word_1_399' title='bbox 2093 2883 2303 2945; x_wconf 78' lang='lat' dir='ltr'>primam,</span> <span class='ocrx_word' id='word_1_400' title='bbox 2337 2914 2340 2915; x_wconf 29' lang='grc' dir='ltr'><em>ν</em></span> 
     </span>
     <span class='ocr_line' id='line_1_41' title="bbox 258 2949 1952 3012; baseline -0.004 -11"><span class='ocrx_word' id='word_1_401' title='bbox 258 2952 581 3001; x_wconf 77' lang='lat' dir='ltr'>aversationem</span> <span class='ocrx_word' id='word_1_402' title='bbox 605 2954 748 2999; x_wconf 83' lang='lat' dir='ltr'>carnis</span> <span class='ocrx_word' id='word_1_403' title='bbox 770 2957 820 3000; x_wconf 88' lang='lat' dir='ltr'>in</span> <span class='ocrx_word' id='word_1_404' title='bbox 841 2953 1026 3006; x_wconf 84' lang='lat' dir='ltr'>morbis,</span> <span class='ocrx_word' id='word_1_405' title='bbox 1052 2954 1093 2999; x_wconf 90' lang='lat'>&amp;</span> <span class='ocrx_word' id='word_1_406' title='bbox 1121 2949 1385 2998; x_wconf 80' lang='lat' dir='ltr'>desiderium</span> <span class='ocrx_word' id='word_1_407' title='bbox 1411 2951 1629 3012; x_wconf 81' lang='lat' dir='ltr'>refrigerii</span> <span class='ocrx_word' id='word_1_408' title='bbox 1652 2954 1692 2998; x_wconf 70' lang='grc' dir='ltr'>ἅ</span> <span class='ocrx_word' id='word_1_409' title='bbox 1719 2951 1875 2998; x_wconf 88' lang='lat' dir='ltr'>acoris.</span> <span class='ocrx_word' id='word_1_410' title='bbox 1950 2971 1952 2973; x_wconf 54' lang='grc'>’</span> 
     </span>
    </p>
   </div>
   <div class='ocr_carea' id='block_1_10' title="bbox 448 3029 2304 3089">
    <p class='ocr_par' dir='ltr' id='par_1_10' title="bbox 448 3029 2304 3089">
     <span class='ocr_line' id='line_1_42' title="bbox 448 3029 2304 3089; baseline -0.004 -7"><span class='ocrx_word' id='word_1_411' title='bbox 448 3038 463 3058; x_wconf 30' lang='grc' dir='ltr'>Χ</span> <span class='ocrx_word' id='word_1_412' title='bbox 2131 3029 2304 3089; x_wconf 79' lang='lat' dir='ltr'><strong>EJUSD.</strong></span> 
     </span>
    </p>
   </div>
   <div class='ocr_carea' id='block_1_11' title="bbox 2139 3117 2240 3132">
    <p class='ocr_par' dir='ltr' id='par_1_11' title="bbox 2139 3117 2240 3132">
     <span class='ocr_line' id='line_1_43' title="bbox 2139 3117 2240 3132; baseline 0 0"><span class='ocrx_word' id='word_1_413' title='bbox 2139 3117 2240 3132; x_wconf 33' lang='grc' dir='ltr'>ὢν</span> 
     </span>
    </p>
   </div>
  </div>
 </body>
</html>
