2531 3394
1698 63 1738 71 ς.

868 125 905 177 §.
942 133 1032 179 901
1070 146 1134 197 ——j
1167 129 1273 175 903.
1343 116 1391 164 V
1419 114 1455 165 A
1489 115 1531 164 R
1564 117 1586 164 I
1619 117 1656 166 I.
1748 178 1765 193 s
2188 130 2283 182 „163

358 250 456 319 EJ.
480 231 548 298 De
569 248 771 312 funiculo
796 249 1029 297 umbilicali
1058 252 1103 294 in
1134 245 1299 294 homine
1322 245 1513 307 longiore
1532 230 1626 307 pune
1647 244 1787 292 brutis
1818 247 1994 297 Erford.
2019 263 2152 313 1724.
2181 265 2227 313 4.

356 332 431 393 EJ.
470 336 538 378 De
561 333 678 393 plica
707 333 767 379 ib.
796 344 930 391 1724.
955 343 1001 390 4.

224 423 246 429 “
353 412 430 473 EJ.
471 418 536 459 De
559 413 822 461 incommoda
839 414 1044 475 placenta
1067 426 1094 455 a
1111 405 1256 469 fundo
1283 410 1399 454 uteri
1427 406 1699 457 aberratione
1728 409 1790 457 ib.
1819 423 1952 470 1757.
1978 427 2024 472 4.

353 495 427 555 EJ.
467 498 533 541 De
559 495 634 554 usu
659 497 779 542 luft'is
807 494 966 540 medico
995 493 1056 539 ib.
1089 503 1224 549 1735.
1253 501 1299 548 4.

352 577 389 622 E
390 591 427 637 J.
462 580 531 623 De
557 576 857 623 articulatione
884 575 1062 620 maxillae
1093 573 1308 633 inferioris
1339 588 1434 618 cum
1460 590 1482 617 ο
1518 592 1537 618 e
1566 584 1800 635 temporum
1832 585 1965 633 1749.
1993 588 2024 633 4
2045 578 2071 604 ’⁸‘

349 662 396 713 J.
423 663 521 713 Jac.
550 659 889 704 GEELHAUSEN
920 656 971 701 de
1001 655 1300 701 alimentorum
1325 658 1370 700 in
1393 656 1634 702 ventriculo
1659 662 2018 704 transmutatione
2045 657 2119 716 seu
2152 664 2309 705 tritu-¹

141 722 145 725 ’
221 726 388 769 ratione
421 723 698 782 Prag.1724.
726 731 771 777 4.
803 720 851 765 B.
873 721 1146 770 BOEHMER.

349 804 423 864 EJ.
460 806 527 848 De
536 801 808 863 pulmonibus
819 812 1098 848 neonatornm
1113 799 1626 861 aquaefitpernatantibus,
1653 805 1786 848 autin
1803 820 1850 850 ea
1861 802 2171 861 fitbfidentibus
2187 802 2279 859 &a

220 868 346 927 Prag.
371 871 503 924 1728.
530 867 608 923 4*
676 866 849 911 Contra
874 866 1015 911 robur
1041 865 1369 924 experimenti:
1412 863 1529 924 poss'e
1557 866 1821 926 pulmonem
1856 866 2152 928 suppuratum
2182 867 2282 914 sub-

219 929 383 988 fidere,
424 942 578 975 natare
611 929 821 982 eundem,
858 929 932 975 cui
959 937 1033 975 aer
1057 928 1243 975 inflatus
1273 925 1424 974 fuerit.

344 1015 397 1065 J.
430 1009 550 1057 Frid.
578 1011 898 1057 WUCHERER
937 1010 988 1056 de
1022 1008 1247 1056 harmonia
1283 1014 1436 1056 mentis
1480 1007 1538 1065 &³
1580 1015 1769 1072 corporis
1800 1010 1973 1060 humani
2000 1014 2282 1076 praestabilita

207 1074 494 1136 stabilimento
524 1073 678 1120 orbata
710 1075 812 1136 Jen.
834 1086 969 1133 1724.
992 1086 1038 1133 4.
1073 1073 1175 1119 duae
1202 1070 1360 1133 Dispp.
1393 1075 1440 1120 B.
1466 1075 1693 1122 BURCKH.

344 1160 392 1210 J.
420 1155 564 1201 Andr.
593 1156 946 1203 HEIMBURGER
978 1155 1030 1202 de
1040 1154 1248 1217 stupendo
1272 1168 1439 1202 naturae
1462 1159 1679 1218 mysterio,
1714 1162 1855 1205 anima
1885 1156 2071 1206 humana
2104 1159 2187 1218 fibi
2220 1164 2283 1222 ig,-

215 1231 319 1267 nota
348 1219 634 1280 Witteberg.
657 1232 790 1278 1724.
822 1232 866 1278 4

352 1288 518 1362 Sigism.
554 1298 699 1362 Chrzst.
731 1302 898 1349 KLOSE
928 1301 979 1347 de
1004 1305 1147 1348 anima
1177 1298 1362 1348 humana
1392 1303 1676 1365 Witteberg.
1699 1315 1832 1362 1724.
1859 1316 1905 1363 4.

340 1380 564 1429 Eberhard
589 1382 726 1437 Jacob
755 1384 1148 1431 WJACHENDORF
1181 1383 1232 1429 de
1258 1396 1422 1430 natura
1440 1384 1683 1442 solidorum
1722 1384 1781 1442 ἐξ
1800 1385 2072 1448 fluidorum,
2116 1404 2278 1433 eorum-

214 1463 293 1508 que
323 1457 473 1492 mutua
497 1446 657 1493 afflone
678 1451 723 1494 in
748 1449 883 1493 variis
910 1447 1092 1494 aetatibus
1122 1446 1316 1494 Utrecht
1337 1459 1474 1507 1724.
1501 1451 1579 1507 4³⁵

341 1529 398 1574 In
434 1531 587 1576 Comm.
617 1533 725 1575 Litt.
756 1533 873 1576 Nor.
908 1541 1043 1588 1743.
1092 1531 1226 1578 IDEM
1261 1530 1332 1576 vir
1369 1531 1441 1577 Cl.
1479 1533 1529 1577 in
1559 1530 1606 1578 h.
1642 1537 1712 1585 18.
1743 1531 2014 1578 membranae
2047 1533 2279 1592 pupillaris

220 1591 570 1653 descriptionem
615 1594 786 1653 primus
822 1593 960 1639 dedit.
1047 1594 1102 1639 In
1138 1594 1405 1641 collectione
1441 1612 1538 1641 mea
1574 1601 1649 1656 Ep.
1689 1597 1846 1642 T.111.
1874 1608 2050 1654 n.413.
2091 1598 2278 1642 celebris

211 1657 274 1703 est
314 1657 392 1703 illa
435 1656 655 1717 epistola,
701 1658 751 1703 in
795 1673 887 1717 qua
930 1657 989 1703 ob
1030 1659 1266 1705 inventam
1305 1659 1614 1706 membranam
1664 1660 1930 1720 pupillarem
1986 1661 2039 1705 de
2079 1662 2277 1708 Ammo

211 1722 432 1780 queritur.

210 1866 258 1913 H
312 1803 386 1912 dB.
411 1803 629 1874 BOUDON
672 1800 779 1864 Dzffi
803 1802 966 1850 medica
1002 1802 1053 1850 de
1067 1803 1300 1865 spiraculis
1334 1808 1523 1852 cutaneis
1559 1802 1618 1861 ἓξ
1654 1822 1798 1872 eorum
1830 1810 2013 1852 excretis
2044 1810 2089 1852 in
2124 1819 2276 1868 genere

261 1882 308 1912 ar
344 1882 482 1913 ervic.
513 1878 647 1925 1724.
670 1878 717 1925 4.

342 1949 518 1995 Samuel
542 1948 771 1995 BATTIER
793 1947 1018 2009 positiones
1037 1953 1282 1997 anatomicae
1316 1948 1443 1997 Bafil.
1470 1963 1605 2010 1724.
1635 1963 1681 2011 4.
1751 1953 1788 1999 A
1815 1950 1971 1999 dextra
1992 1968 2099 1999 aure
2123 1950 2272 2006 surda,

207 2010 380 2060 finistra
418 2014 661 2073 paralytica
697 2010 827 2059 facta.
921 2014 1097 2060 Contra
1142 2027 1445 2061 commeatum
1497 2018 1777 2076 reciprocum
1815 2017 1934 2062 inter
1977 2017 2087 2063 duas
2127 2017 2274 2063 cordis

206 2075 327 2124 fctus
358 2077 595 2123 auriculas.
664 2077 778 2122 Non
809 2087 920 2136 puto
946 2076 1026 2123 effe
1059 2078 1267 2124 eumdem
1296 2096 1400 2125 cum
1426 2081 1527 2125 viro
1560 2081 1832 2141 cognomine
1863 2098 1906 2140 p.
1931 2093 2040 2139 745.

335 2158 868 2206 CromwellMORTIMER
887 2157 1134 2221 deingreffu
1162 2157 1385 2206 humorum
1404 2166 1447 2207 in
1461 2175 1612 2223 corpus
1625 2161 1855 2208 lnunanum
1889 2162 2011 2209 Leid.
2035 2174 2156 2222 1724
2190 2160 2272 2221 4*

208 2223 250 2269 δι
277 2222 327 2268 in
361 2227 460 2268 meis
475 2222 648 2282 seleft'is.
716 2221 1066 2269 Resorbtionem
1092 2222 1306 2269 venosam
1329 2241 1408 2285 per
1434 2227 1743 2285 experimenta
1772 2227 1958 2272 collecta
1987 2226 2244 2273 confirmat.

300 2303 472 2412 ,Ιιέεὶῑγῐ
503 2301 659 2364 ΡΙ3ἰΙο]ἶ
703 2304 859 2363 Trans.
900 2319 946 2351 n.
971 2316 1080 2364 415.
1127 2303 1429 2354 anastomoses
1468 2308 1731 2354 arteriarum
1761 2306 2134 2368 spermati-carum
2168 2325 2271 2356 cum

206 2381 336 2414 venis
401 2379 578 2413 emeat.

334 2448 467 2496 IDEM
494 2449 553 2494 ib.
588 2461 765 2507 11.430.
811 2449 1036 2496 Anatome
1062 2449 1242 2498 castoris
1268 2450 1474 2501 feminae>
1510 2469 1613 2500 cum
1639 2451 1773 2501 saccis
1807 2453 2022 2509 castorei,
2076 2457 2116 2501 ἃ
2146 2458 2268 2515 glan-

204 2512 326 2560 dulis
353 2530 405 2558 eo
436 2515 787 2573 pertinentibus.

336 2596 469 2644 IDEM
499 2593 701 2640 Londini
723 2610 760 2640 a.
788 2606 921 2653 1743.
942 2608 986 2654 4.
1020 2597 1159 2643 edidit
1187 2599 1406 2652 libellum,
1433 2598 1487 2646 de
1510 2601 1785 2660 polyporum
1811 2617 1890 2661 per
1914 2601 2101 2647 vulnera
2121 2596 2266 2645 renas-

204 2659 405 2706 centium
432 2659 551 2705 mira
577 2655 817 2711 facultates
834 2675 978 2719 nuper
995 2660 1178 2707 detecta.

273 2737 276 2738 ⁷
331 2742 467 2788 IDEM
495 2757 541 2787 n.
566 2750 674 2798 477.
714 2740 806 2799 egit
833 2739 885 2785 de
907 2742 1262 2800 caloresttnimali
1285 2760 1339 2790 ex
1371 2756 1501 2791 motu
1527 2744 1821 2805 putredinoso
1846 2747 1884 2790 8<
1905 2743 2118 2790 intestino
2149 2758 2264 2792 orto.

333 2823 565 2882 EJUSDEM
599 2837 643 2866 n.
667 2827 772 2879 486.
810 2819 949 2869 homo
976 2824 1209 2885 bilinguis.
1279 2827 1477 2872 Alteram
1507 2827 1709 2887 linguam
1739 2826 1898 2886 sponte
1926 2823 2165 2873 evanuiffe.

333 2907 529 2952 Martini
558 2903 753 2950 CAlell
781 2902 907 2966 Disp.
938 2904 990 2951 cle
1018 2908 1256 2956 ventriculo
1291 2908 1414 2954 Leid.
1445 2919 1580 2966 1724.
1608 2920 1653 2965 4.

1316 3024 1362 3069 X
1402 3033 1429 3068 2
2162 3026 2258 3076 Jac.
