2531 3394
629 117 675 178 ς.
717 126 852 182 1158.
889 132 1028 182 1159.
1096 121 1165 170 Μ.
1201 120 1341 171 Α.Ἰ,.
1379 95 1790 174 ΟᾹὶῦΛΝΰς.
2142 128 2233 184 '5257

181 252 388 302 tendines
415 266 510 300 non
533 248 636 299 satis
662 252 825 300 nudati
849 250 1047 314 fuissent.
1113 253 1314 300 Erronea
1343 249 1702 299 adversariorum
1739 257 2044 315 experimenta
2084 274 2137 306 eo
2165 259 2234 306 re'-⁴

181 317 294 369 fert,
327 327 382 364 ut
409 318 577 363 alienas
605 328 752 377 partes
780 316 987 364 laeserint.
1064 317 1233 363 Nullos
1265 313 1348 361 effe
1375 315 1616 362 tendinum
1650 333 1829 365 nervos.
1898 321 2036 368 Porro
2061 340 2140 383 pro
2161 324 2232 380 in-

179 379 328 428 sensili
351 391 513 427 natura
535 381 796 442 perieranii‚
829 382 966 428 etiam
984 397 1014 427 a
1037 381 1081 426 P.
1110 381 1157 426 P.
1177 381 1499 427 MOMNELLO
1525 381 1708 441 adgnita
1732 382 1872 429 dicit:
1923 387 2066 432 multa
2096 388 2230 433 etiam

178 445 230 494 in
260 444 373 491 dura
397 459 539 491 marre
579 446 774 505 pericula
808 445 954 505 cepit;
994 441 1248 490 insensilem
1281 455 1440 503 praeter
1467 445 1658 491 unicum
1689 447 1957 506 peculiarem
1987 448 2135 495 casum
2164 467 2232 496 re-

177 509 309 570 perit.
396 509 544 556 Etiam
583 525 679 556 non
721 507 970 569 profundas
998 507 1169 554 cerebri
1199 505 1402 554 laesiones
1446 523 1694 554 nervorum
1738 510 2028 558 distensiones
2074 511 2231 560 fecisse.

177 571 311 620 Nihil
337 573 387 619 in
414 589 601 633 corpore
633 570 794 618 calloso
821 570 902 617 effe
924 572 1161 631 peculiare.
1231 570 1545 632 Aponevroses
1568 571 1879 621 musculorum
1902 575 2160 622 abdominis
2189 579 2231 622 &

177 638 477 698 peritonaeum
500 635 630 683 sensu
655 635 992 681 destituuntur:
1030 634 1087 681 sic
1116 636 1283 694 plenta.
1351 637 1523 682 Nullus
1549 635 1610 682 est
1629 644 1702 684 a'er
1722 637 1995 686 thoracicus.
2069 639 2230 687 Motus

178 700 474 760 peristalticus
504 701 638 747 etiam
663 700 713 745 in
737 697 902 745 felibus
924 696 1188 745 manifestus
1206 698 1279 744 est.
1350 700 1647 746 Ventriculus
1671 703 1839 755 minus,
1873 719 2007 762 quam
2020 703 2233 750 intestina

175 765 407 821 irritabilis
431 763 505 810 est.
574 760 787 810 Succeffit
813 762 1062 811 CALDANQ
1081 796 1093 815 ,
1126 774 1181 810 ut
1207 761 1388 808 sinistra:
1424 774 1570 823 partes
1606 765 1753 811 cordis
1779 765 1952 813 dextris
1974 764 2232 827 supervive-

176 840 293 875 rent.
359 829 495 875 Recste
525 841 795 873 evacuatum
825 843 904 873 cor
936 824 1141 885 quiescit.
1207 827 1291 874 Iris
1326 843 1424 873 non
1463 826 1524 873 est
1560 828 1809 876 irritabilis.
1880 830 1965 878 Vis
2000 831 2231 878 irritabilis

176 894 399 952 peculiare
424 892 596 937 donum
617 890 678 936 est
700 889 828 937 fibrae
849 888 1126 937 musculosae.
2224 896 2226 898 '

298 974 372 1034 EJ.
408 971 773 1031 Letterafi’conda
799 970 941 1018 exstat
960 971 1010 1017 in
1024 988 1115 1017 mea
1134 972 1362 1018 colleffione
1395 971 1645 1021 Lausannae
1673 975 1791 1022 edita
1817 977 1951 1024 Tom.
1975 975 2056 1024 III.
2103 975 2232 1025 Vitia

177 1038 326 1097 aliqua
350 1037 762 1097 experimentorum
781 1036 849 1082 Cl.
871 1037 1035 1089 LAGHI
1055 1053 1065 1080 :
1103 1036 1310 1081 tendines
1335 1052 1431 1082 non
1451 1037 1554 1085 satis
1583 1038 1806 1087 nudatos.
1859 1039 2014 1101 Ipsum
2033 1041 2230 1102 denique

176 1102 421 1148 LAGfflUM
451 1100 605 1146 onmia
638 1115 762 1145 nunc
789 1097 881 1143 fere
910 1098 1039 1152 dare,
1089 1116 1191 1158 quac
1220 1116 1304 1146 nos
1337 1100 1735 1161 proposuerimus:
1780 1115 1961 1150 tantum
1986 1117 2039 1152 ut
2068 1117 2227 1166 putet,

174 1165 226 1210 in
250 1165 567 1225 experimentis
596 1162 839 1209 tendinum
867 1178 963 1208 non
992 1160 1287 1210 sentientium
1318 1165 1514 1225 aliquam
1545 1165 1625 1212 effe
1650 1167 2016 1215 inconstantiam.
2086 1170 2231 1216 Plera-

182 1243 270 1288 que
309 1229 614 1287 experimenta
644 1227 837 1279 LAGH1‚
866 1227 915 1273 in
948 1227 1219 1274 animalibus
1246 1228 1387 1287 inque
1416 1228 1617 1276 hominis
1643 1230 1754 1277 dura
1782 1232 2009 1293 meninge,
2053 1231 2232 1279 sensum

174 1290 405 1337 ostendiffe
429 1290 620 1337 omnino
648 1291 843 1337 nullum.
915 1291 1107 1350 Spiritus
1135 1308 1325 1339 nerveos
1357 1293 1502 1340 videri
1529 1292 1721 1355 speciem
1754 1293 1835 1342 effe
1864 1295 2046 1345 stimuli.
2111 1298 2229 1344 Nul-

172 1356 234 1402 las
261 1355 312 1402 in
333 1366 463 1401 motu
488 1355 636 1400 cordis
661 1370 908 1401 nervorum
934 1366 1080 1415 partes
1104 1354 1199 1402 effe.

300 1437 376 1498 EJ.
411 1441 586 1483 Lettera
615 1448 737 1485 terza
753 1432 888 1498 fhpvssa
909 1436 1202 1484 l’irritahilitk
1236 1438 1288 1484 ed
1304 1439 1568 1499 irfinsi'hilitd
1592 1433 1989 1490 HAL'LERIANA
2024 1444 2227 1505 Bologna

177 1512 313 1559 1759.
339 1503 417 1559 4.*
482 1499 649 1547 Causas
672 1517 877 1547 errorum
899 1501 949 1546 in
971 1502 1292 1562 experimentis
1315 1505 1514 1558 detexit,
1552 1508 1812 1553 vulneratas
1847 1521 1995 1567 partes
2031 1510 2225 1561 alienas.

171 1570 251 1611 aut
272 1581 437 1611 nervos
461 1576 587 1610 trans
616 1563 851 1610 tendinem
882 1564 1186 1612 decurrentes.
1265 1566 1520 1628 Nunquam
1550 1569 1716 1616 sentire
1747 1572 1982 1617 tendinem
2017 1573 2103 1618 rite
2142 1588 2227 1619 nu-

171 1629 340 1675 datum.
410 1629 465 1674 In
493 1626 708 1674 musculis
737 1630 992 1688 paralyticis
1016 1641 1166 1676 tamen
1191 1631 1442 1678 electricam
1466 1630 1709 1680 scintillam
1738 1646 1916 1680 motum
1941 1636 2056 1682 ciere
2079 1638 2160 1682 ἃς.

299 1711 354 1756 In
379 1711 557 1771 Epistola
585 1709 664 1756 IV.
705 1715 748 1755 in
768 1712 955 1771 Estratto
985 1710 1036 1756 de
1062 1711 1316 1759 litteratura
1353 1714 1545 1760 Italiam
1577 1712 1674 1770 &a
1723 1715 1961 1762 Ebroduni
1985 1723 2117 1776 1764.
2149 1715 2229 1771 8.ss

175 1773 307 1827 edita,
342 1775 516 1820 exstant
546 1775 614 1820 Cl.
641 1774 729 1820 viri
748 1773 961 1821 adversus
982 1776 1311 1823 XWHYTTIUM
1338 1774 1453 1823 facta
1474 1779 1793 1838 experimenta.
1865 1782 2068 1834 Irritata‚
2103 1780 2227 1827 diffe-

171 1840 240 1884 &a
262 1838 458 1884 medulla
482 1836 642 1898 spinali
666 1854 784 1883 ranae
811 1836 924 1898 saepe
953 1851 1163 1885 tetanum
1189 1837 1317 1900 sequi
1340 1841 1536 1887 universi
1560 1845 1759 1902 corporis
1775 1878 1788 1896 ‚
1824 1860 1972 1903 neque
2002 1861 2055 1890 eo
2083 1845 2228 1892 domi-

171 1915 312 1948 nante
327 1903 380 1948 ab
394 1903 571 1948 irritato
593 1918 733 1948 nervo
748 1902 795 1947 in
820 1900 1024 1948 musculo
1041 1903 1287 1963 quidquam
1314 1905 1425 1950 oriri
1457 1917 1636 1957 motu83
1674 1907 1721 1952 id
1746 1906 2000 1967 imposuisse
2015 1908 2159 1956 WHY
2170 1923 2225 1957 T-

172 1980 279 2013 T10.
349 1967 440 2012 Cor
464 1974 584 2011 ranae
611 1967 879 2012 detruncato
906 1967 1048 2027 capite
1075 1967 1223 2027 pulsat
1242 2002 1254 2020 ‚
1292 1980 1450 2029 quater
1480 1970 1649 2016 lentius
1675 1987 1808 2030 quam
1832 1972 1881 2017 in
1913 1971 2116 2019 homine.

301 2048 375 2107 EJ.
415 2045 908 2110 Rsssst‘onififiologiche
959 2048 1128 2093 Venez.
1158 2056 1291 2107 1767.
1326 2047 1404 2103 8.*
1473 2050 1696 2098 Adversus
1730 2054 1769 2099 le
1798 2054 2021 2101 CATIUM.
2093 2055 2226 2101 Cere-

172 2112 242 2158 bri
272 2109 447 2158 sensum
473 2128 710 2171 nunquam
739 2110 891 2164 silere,
922 2109 953 2157 fi
984 2129 1111 2158 acum
1136 2114 1190 2158 ad
1219 2113 1590 2173 perpendiculum
1610 2115 1831 2163 defixeris.
1902 2118 2128 2166 VERNAM
2152 2120 2227 2165 de-

169 2192 266 2221 nuo
294 2175 452 2222 duram
479 2190 668 2221 matrem
698 2174 862 2234 absque
896 2176 993 2222 ullo
1028 2174 1158 2222 sensu
1187 2176 1388 2224 irritasse.
1459 2180 1528 2225 Sic
1563 2179 1612 2225 in
1643 2178 1809 2240 septem
1849 2180 2117 2228 hominibus
2151 2184 2222 2230 Cl.

167 2239 423 2292 BON10L1‚
460 2239 655 2299 denique
681 2237 887 2299 seipsum.
957 2241 1009 2285 In
1037 2242 1427 2299 amputationibus
1453 2243 1765 2291 celeberrimos
1785 2243 2020 2307 chirurgos
2045 2248 2220 2292 nullum

167 2303 219 2348 in
248 2303 465 2362 periosteo
495 2302 673 2348 sensum
697 2301 937 2349 adnotasse.
1001 2304 1071 2349 De
1101 2306 1265 2364 pleurae
1301 2304 1498 2352 insensili
1534 2321 1697 2354 natura
1729 2310 1914 2368 perinde
1941 2323 2018 2369 per
2049 2326 2222 2369 nupera

169 2367 475 2425 experimenta
487 2365 741 2419 conststiffe,
770 2369 811 2412 &
834 2368 887 2413 de
907 2367 1206 2414 abdominalis
1224 2368 1568 2428 aponevroseos,
1598 2372 1785 2432 ejusque
1811 2390 1912 2432 quae
1931 2374 1977 2419 in
1993 2372 2122 2419 dorso
2143 2373 2217 2421 est.

167 2431 418 2488 Nunquam
447 2447 502 2475 ex
532 2430 732 2475 tendinis
765 2432 952 2476 vulnere
987 2432 1132 2476 ullum
1164 2430 1419 2491 symptoma
1446 2432 1743 2493 supervenifl‘e
1826 2439 1988 2482 Coram
2014 2439 2068 2484 T.
2095 2438 2220 2483 LAG-

169 2507 263 2540 1110
293 2492 335 2538 se
363 2491 610 2545 ostendiffe,
644 2493 694 2538 in
720 2491 827 2538 sano
858 2494 958 2539 viro
1001 2496 1181 2540 nullum
1217 2494 1341 2541 fuiffe
1381 2497 1504 2543 durae
1541 2500 1766 2560 meningis
1787 2497 1978 2547 sensum.
2049 2502 2220 2546 Contra

171 2556 408 2602 cerebrum
438 2554 639 2602 oleosum
673 2556 710 2601 le
734 2557 913 2610 CATII,
956 2559 997 2603 ἃ
1030 2569 1186 2604 contra
1209 2560 1500 2619 vegetabilem
1531 2563 1742 2609 animam.
1814 2565 1993 2610 Nervos
2019 2564 2219 2610 irritatos

95 2658 102 2666 .
172 2620 320 2667 cordis
344 2632 520 2666 motum
540 2636 637 2665 non
659 2632 863 2665 mutare:
901 2621 979 2680 qui
1006 2622 1218 2675 tollatur,
1256 2621 1286 2668 fi
1307 2622 1496 2683 perfecte
1530 2642 1607 2671 cor
1642 2627 1914 2680 inaniverss,
1959 2628 1999 2672 8<
2028 2627 2220 2673 refluen-

171 2684 230 2730 tis
259 2682 494 2745 sanguinis
522 2684 770 2730 adventum
810 2684 1112 2745 interceperis.
1195 2687 1278 2732 Per
1315 2703 1570 2735 acervatum
1607 2687 1869 2750 sanguinem
1894 2724 1905 2743 ,
1953 2691 2033 2749 qui
2062 2692 2110 2736 in
2143 2707 2219 2737 cor

170 2748 299 2793 venit
319 2781 331 2800 ,
368 2750 465 2808 ejus
499 2760 678 2793 motum
704 2745 921 2794 suscitari.
1013 2745 1208 2796 Effectus
1250 2751 1494 2811 rigiditatis
1526 2754 1575 2799 in
1604 2753 1808 2800 musculo
1839 2756 2096 2808 contradic,
2138 2754 2219 2815 qui

168 2809 467 2858 irritabilitati
494 2809 677 2863 refistat‚
744 2809 904 2858 Pulsus
931 2812 1046 2871 pulli
1073 2819 1176 2866 18o.

239 2925 241 2927 -
296 2891 371 2952 EJ.
405 2893 550 2951 Esame
575 2893 647 2939 del
673 2893 853 2955 capitolo
873 2892 1046 2952 settimo
1070 2893 1178 2941 della
1212 2907 1282 2943 12.
1300 2908 1432 2957 parte
1461 2896 1533 2943 del
1562 2901 1601 2944 S.
1632 2899 1880 2948 ANTONIO
1904 2897 1956 2944 de
1972 2900 2119 2946 HAEN
2152 2904 2217 2946 in-

170 2950 330 3002 diretto
355 2955 400 3001 al
404 2955 522 3019 steffiJ
548 2968 698 3006 autore
731 2957 911 3005 Padova
936 2968 1072 3016 1770.
1099 2962 1179 3018 4.*
1245 2961 1498 3021 Nunquam
1523 2962 1814 3010 HALLERUM
1843 2961 2046 3024 cogitaffe
2072 2964 2126 3009 de
2149 2980 2217 3009 re-

2050 3042 2217 3076 vocan-
