2531 3394
287 112 385 162 682
672 106 803 154 LIB.
849 105 943 153 IX.
1035 97 1450 161 ANATOMES
1504 96 1948 157 PERFECTIOE

289 237 464 287 multae.
532 235 681 283 Prima
703 234 823 282 inter
848 246 994 296 partes
1026 249 1155 280 novae
1187 228 1394 288 Nereidis
1428 227 1659 288 perficitur
1683 231 1859 277 arteria.
1900 275 1903 277 .
1929 229 2014 288 Sed
2051 231 2092 278 &
2119 231 2214 279 aliae
2245 230 2342 289 spe-

290 305 379 350 cies
405 302 458 348 de
481 302 616 348 latere
631 301 887 361 germinant
907 320 920 352 3
959 302 999 346 Sc
1022 300 1068 344 in
1088 295 1227 356 specie
1245 311 1345 340 caeca
1374 310 1487 339 vena
1514 293 1569 338 ab
1597 295 1757 340 arteria
1783 295 1988 340 distincta
2007 294 2098 341 visa
2118 295 2192 342 est.
2249 291 2342 343 Ne-

291 367 378 414 reis
408 363 511 412 vasa
546 364 682 426 habet
716 362 902 410 ramosa.
997 361 1116 407 Huic
1141 358 1271 404 series
1309 357 1369 403 est
1399 357 1603 403 cordium
1622 391 1634 410 ,
1681 374 1781 416 quae
1815 359 1862 404 in
1885 374 2031 402 unum
2052 375 2130 405 vas
2156 360 2338 420 quidem

292 428 611 481 consentiunt,
648 427 772 488 quod
793 427 991 486 corporis
1021 422 1403 482 fitlongitudine,
1445 433 1655 467 caeterum
1686 421 1902 480 quodque
1928 437 2004 466 cor
2023 419 2201 468 seorsim
2222 422 2337 470 salit.

419 511 495 571 EJ.
558 513 661 556 Tres
691 507 1000 567 observationes
1033 509 1076 550 in
1115 501 1341 564 Hafm'enfi
1369 501 1700 548 hebdomadario
1737 502 1887 547 libello
1927 499 2113 547 excusae.
2181 503 2341 563 Capita

296 573 490 622 cochleae
529 570 776 619 acutiffima
813 569 971 616 ’forfice¹
1008 567 1213 627 expedite
1247 566 1413 612 resecat
1436 599 1447 617 ,
1510 578 1564 611 ut
1609 581 1701 611 una
1747 566 1970 610 maxillam
1999 598 2010 617 ,
2062 567 2103 610 &
2143 565 2234 612 duo
2271 585 2344 626 pa-

294 641 360 686 ria
386 652 626 689 cornuum,
655 644 867 694 amputet.
952 631 1138 677 Vulnus
1167 630 1417 681 clauditur,
1458 630 1498 674 &
1520 630 1661 674 altero
1696 644 1798 675 vere
1818 662 1829 681 ,
1858 644 2077 687 nonoque
2105 644 2129 673 a
2149 627 2343 676 sectione

296 707 472 754 menie,
507 701 687 746 demum
714 695 1012 743 renascuntur
1031 710 1224 746 cornua,
1258 693 1406 745 labra,
1442 694 1634 737 maxillae
1663 694 1744 738 ἃς.
1813 693 1883 736 De
1913 692 2163 737 monoculo
2182 726 2194 745 ,
2232 693 2345 740 duo..

297 768 384 813 bus
420 766 516 826 ejus
542 761 770 812 sexubus,
808 759 977 819 duplici
1013 774 1124 817 pene
1162 759 1202 803 &
1239 768 1384 803 utero,
1476 753 1701 801 Insectum
1733 756 2019 814 aquaticum,
2058 755 2253 801 duorum
2281 756 2345 803 se-

297 846 476 877 xuum:
513 826 638 886 penis
664 825 712 870 in
736 824 881 869 canali
913 823 1065 869 caudae
1090 819 1500 882 conprehenditur,
1538 821 1676 866 vulva
1697 817 1777 866 sub
1805 832 1963 866 ventre
1992 818 2078 872 est,
2115 836 2252 879 quam
2281 819 2345 867 fe·-

296 895 423 942 mina
452 889 544 952 ipsa
570 890 674 949 peni
699 888 890 947 adaptat.

424 973 461 1019 E
463 987 500 1033 J.
532 970 772 1019 Pilelarven
791 967 886 1014 med
900 965 1066 1013 dobhelt
1087 963 1176 1013 hole
1196 963 1292 1022 &a
1327 962 1507 1011 Hafniae
1529 974 1661 1022 1772.
1689 960 1771 1022 4*
1802 965 2021 1010 Accurate
2040 981 2063 1010 a
2089 965 2345 1024 primordiis

300 1038 357 1086 ad
384 1037 489 1084 vitae
520 1035 738 1081 terminos
771 1047 949 1078 erucam
979 1029 1122 1077 salicis
1159 1028 1416 1090 persecutus
1453 1027 1527 1074 est.
1598 1029 1703 1074 Ova
1736 1028 1944 1087 pleraque
1970 1029 2208 1081 abortant,
2246 1046 2346 1088 quae

300 1102 467 1149 animal
496 1098 688 1159 plurima
707 1096 859 1157 ponit.
927 1095 1025 1141 Nec
1048 1095 1171 1140 oculi
1195 1109 1341 1153 neque
1368 1093 1524 1138 dentes
1551 1107 1654 1137 cum
1685 1093 1860 1137 exuviis
1886 1091 2137 1144 decedunt,
2173 1090 2247 1138 sed
2272 1109 2346 1138 eo..

300 1181 403 1212 rum
428 1164 690 1209 velamenta.
781 1161 957 1218 Aquam
993 1157 1165 1204 acidam
1203 1157 1422 1216 expellere
1453 1155 1610 1207 novit,
1650 1171 1737 1214 qua
1762 1155 1971 1201 inimicos
1995 1156 2183 1215 repellit.
2265 1156 2347 1202 Vi-

301 1227 405 1275 diffe
430 1225 473 1272 se
500 1223 651 1271 semen
679 1224 725 1269 iu
756 1223 920 1282 plantis
948 1232 1051 1267 ante
1086 1219 1451 1267 fecundationem
1481 1218 1630 1271 illam,
1668 1234 1804 1278 quam
1828 1219 1991 1278 pollini
2019 1218 2234 1266 tribuunt
2263 1219 2347 1265 sta-

297 1292 471 1341 mineo.
538 1290 608 1335 De
634 1286 852 1338 monade,
889 1286 1031 1345 prima
1059 1284 1246 1330 materia
1270 1282 1549 1328 animalium.
1618 1283 1797 1328 Animal
1825 1280 2083 1342 putrescens
2107 1281 2346 1330 resolvitur

300 1357 353 1403 in
379 1352 616 1404 vesiculas,
654 1353 696 1397 &
718 1362 811 1396 rete
838 1346 1226 1400 membranosum,
1261 1347 1316 1393 ab
1339 1362 1391 1393 eo
1410 1361 1568 1391 mucus
1593 1343 1804 1399 discedit,
1841 1346 1979 1392 vitam
2011 1348 2051 1392 &
2076 1357 2253 1393 motum
2274 1362 2349 1393 ex-

296 1419 448 1483 pedit,
488 1419 529 1462 δε
558 1430 682 1461 nunc
705 1413 864 1460 vivum
894 1412 955 1458 est
983 1413 1164 1457 animal.

427 1499 503 1559 EJ.
544 1499 758 1545 Ver-mium
780 1495 1042 1555 terrestrimn
1066 1491 1125 1547 ἓξ
1137 1491 1452 1554 fluviatilium,
1491 1488 1529 1547 f
1556 1489 1805 1536 animalium
1838 1489 2142 1550 infusbriorum
2174 1489 2347 1538 helmin-

298 1562 512 1612 tbicorum
537 1559 595 1615 ἓξ
620 1562 889 1618 testaceorum
917 1574 1000 1602 non
1024 1560 1289 1602 marinorum
1306 1554 1519 1613 fitccincla
1547 1551 1717 1613 historia
1748 1551 1929 1599 Hafniae
1957 1566 2089 1611 1773.
2110 1552 2194 1615 4*
2228 1557 2348 1602 Mol-

299 1626 423 1677 lul'ca
445 1642 470 1672 a
494 1624 693 1671 testaceis
726 1638 821 1667 non
846 1619 962 1682 poffe
985 1618 1190 1678 separari.
1260 1620 1452 1664 Genera.
1522 1618 1804 1663 Animalcula
1827 1615 2045 1663 infusoria
2064 1652 2076 1670 ,
2112 1635 2217 1664 vera
2254 1620 2350 1664 ani-

298 1691 459 1742 malia,
496 1704 594 1748 quae
618 1689 767 1734 vitant
789 1702 836 1730 ea
853 1719 864 1738 ,
903 1698 1002 1743 quae
1036 1681 1115 1728 sibi
1132 1682 1342 1728 nocitura
1366 1680 1514 1727 essent.
1585 1681 1650 1726 Ut
1668 1678 1708 1726 se
1727 1681 2044 1739 multiplicent,
2071 1680 2177 1726 dum
2204 1694 2350 1728 trans-

302 1753 428 1802 versa
459 1751 755 1802 dividuntur,
794 1748 902 1794 dum
930 1746 1175 1793 secundum
1204 1746 1552 1805 longitudinem.
1620 1744 1732 1790 Non
1759 1745 1892 1789 unice
1909 1745 1958 1789 in
1980 1746 2162 1804 putrido
2187 1744 2350 1792 humo-

302 1835 350 1865 re
381 1818 560 1863 vivunt.
627 1810 900 1872 Hypothefis
935 1811 988 1856 de
1026 1810 1315 1871 generatione
1348 1809 1644 1854 animalium:
1698 1809 1863 1853 ultimo
1903 1819 2110 1853 naturam
2149 1810 2349 1869 corporis

301 1880 493 1927 *animati
516 1880 565 1924 in
599 1876 809 1923 vesiculas
833 1873 1023 1927 resolvi,
1051 1890 1154 1933 quae
1188 1873 1405 1933 paulatim
1436 1873 1579 1918 vitam
1596 1872 1815 1924 induant,
1856 1872 2125 1917 animalcula
2144 1871 2259 1919 fiant
2282 1874 2351 1919 in-

304 1943 497 1995 fusoria,
532 1943 683 1987 omnia
717 1938 819 1986 vasa
845 1940 1073 1999 majorum
1111 1937 1374 1982 animalium
1407 1938 1633 1995 repleant,
1674 1931 1734 1981 'in
1763 1952 1811 1981 ea
1841 1933 2084 1981 transeant.
2171 1937 2350 1983 Genera

304 2005 498 2056 seorsim.
568 2004 746 2050 Animal
767 2000 1082 2063 globulosum:
1118 2016 1196 2059 per
1218 2001 1376 2045 rimam
1395 2000 1648 2045 abdominis
1672 1999 1863 2059 pariens.
1934 1999 2141 2045 Cercaria
2166 2001 2351 2045 animal-

310 2072 414 2118 culo
439 2067 707 2128 spermatico
741 2069 970 2126 proxima,
993 2067 1041 2110 in
1070 2080 1118 2110 ea
1138 2062 1280 2123 specie
1306 2063 1516 2109 intestina
1541 2061 1671 2115 sunt,
1710 2061 1766 2109 sic
1791 2064 1840 2108 in
1865 2061 2079 2108 trichode.
2151 2064 2215 2109 Ut
2249 2080 2353 2110 vor-

300 2136 445 2245 ticsem
467 2132 560 2178 haec
589 2131 858 2176 animalculo
892 2129 1088 2175 excitent
1107 2162 1118 2181 ,
1155 2143 1246 2187 quo
1275 2127 1469 2189 praedam
1499 2127 1554 2173 ad
1579 2125 1623 2173 se
1644 2125 1840 2173 trahant.
1913 2126 2196 2172 Animalcula
2232 2143 2352 2173 com-

301 2215 363 2260 po
384 2209 461 2254 ita.
1911 2216 1914 2217 ν

436 2278 511 2338 EJ.
547 2277 736 2336 Hzstoria
761 2278 970 2319 vermium
991 2273 1100 2319 Vol.
1122 2273 1154 2320 I.
1177 2273 1282 2319 Pars
1304 2272 1362 2318 ΙΙ.
1394 2272 1682 2319 Helmintkica
1715 2269 1853 2317 Hafn.
1885 2282 2019 2330 1774.
2048 2273 2125 2329 4*
2173 2270 2351 2333 Insigne

306 2358 435 2403 opus.
506 2341 575 2386 De
602 2339 744 2398 capite
784 2338 930 2382 taeniae
961 2337 1150 2383 dubitat.
1221 2337 1378 2382 Gordii
1411 2335 1575 2381 dissecti
1606 2337 1654 2381 in
1685 2336 2005 2395 experimentis
2044 2337 2111 2381 Ci.
2141 2336 2229 2381 viri
2255 2352 2352 2382 non

307 2403 619 2453 renascuntur.
686 2402 908 2459 Polypus:
957 2401 1073 2446 vidit
1108 2401 1318 2446 animalia
1356 2399 1569 2449 devorata
1606 2410 1940 2445 revomentem:
1977 2415 2133 2445 eorum
2172 2415 2350 2460 genera.

305 2469 554 2529 Tubipora.
638 2465 799 2511 Nereis
825 2497 837 2515 ,
885 2464 1148 2510 lumbricus.
1215 2463 1455 2509 Vermium
1484 2479 1658 2523 genera.
1730 2464 1783 2509 In
1815 2464 2050 2509 nonnullis
2087 2454 2249 2523 magna
2285 2479 2351 2509 ar-

304 2533 418 2581 teria
441 2545 646 2589 venaque
667 2543 839 2588 magna.
908 2527 1146 2573 Hirudinis
1171 2540 1393 2573 anatome.
1466 2527 1653 2585 Oculi4
1671 2561 1682 2579 ,
1714 2533 1743 2573 6
1766 2528 1805 2572 &
1833 2532 1884 2580 8,
1915 2528 1957 2573 &
1984 2526 2153 2586 aliquid
2183 2527 2349 2586 lingua:

306 2596 462 2644 (imile.
529 2592 750 2640 Cochleae.
821 2590 1061 2649 Cupidinis
1088 2589 1290 2649 sagittam
1313 2590 1461 2636 noster
1484 2592 1623 2642 vidit,
1662 2593 1701 2636 &
1729 2606 1954 2642 venerem,
1981 2592 2022 2637 &
2054 2592 2250 2635 intortos
2278 2605 2350 2649 pe-

307 2677 404 2708 nes.
471 2659 526 2705 In
555 2673 644 2703 ovo
675 2652 867 2701 cochleae
894 2655 984 2713 jam
1006 2653 1113 2699 testa
1144 2654 1203 2698 est
1287 2655 1437 2700 Partes
1462 2653 1646 2700 resectas
1670 2655 1777 2699 alias
1800 2666 2020 2712 reparatas
2039 2651 2179 2704 fuiffe,
2213 2653 2349 2698 etiam

309 2734 470 2784 caput,
509 2721 615 2767 alias
644 2717 784 2765 secus.
853 2718 949 2764 Alia
976 2717 1185 2762 animalia
1211 2717 1409 2762 testacea.
1479 2719 1533 2763 In
1558 2718 1792 2762 nonnullis
1823 2732 2031 2761 venerem
2065 2727 2283 2760 mutuam
2310 2718 2350 2763 ei

308 2787 507 2846 contigit
533 2785 698 2830 videre.
766 2783 805 2828 A
828 2782 952 2828 vario
980 2778 1064 2826 fitu
1090 2780 1327 2825 oculorum
1349 2796 1511 2841 genera
1539 2779 1715 2827 definit.
1787 2780 2018 2840 Jaculatot
2053 2790 2108 2832 2,
2138 2790 2160 2835 3
2192 2781 2352 2840 globu-

309 2851 379 2902 ios
405 2848 599 2909 expellit,
635 2848 684 2893 in
714 2846 823 2892 duas
853 2842 974 2906 quasi
997 2844 1160 2890 caudas
1191 2841 1323 2889 fiffos.
2280 2831 2282 2837 ’

438 2929 612 2989 Papilio
637 2928 781 2990 capite
811 2942 953 2980 erucae
978 2926 1030 2974 in
1053 2927 1258 2973 Memoir.
1271 2923 1482 2986 presentes
1508 2934 1536 2974 ii
1551 2922 1723 2974 l’Acad.
1752 2923 1809 2970 T.
1831 2922 1911 2971 VI.
2295 2986 2317 3033 Ι

2321 3002 2352 3034 n
