2531 3394
469 132 518 191 §-
558 138 678 194 1258
715 157 775 166 -
815 139 954 187 1260.
1018 130 1391 182 GREan.
1431 108 1524 179 o.
1558 131 1609 180 F.
1646 133 1976 185 numm
2150 144 2242 194 εει

119 279 124 285 ‚
324 231 399 290 EJ.
432 216 733 293 {Sammlungen
754 229 996 281 m‘itzlicher
1025 230 1303 292 Gegenstt'inde
1322 247 1398 277 aus
1418 230 1527 276 allen
1558 228 1725 278 Theilen
1749 232 1827 278 der
1848 232 2242 296 Naturgeschichte,

198 293 652 356 Araneywzffimschaft
675 296 766 341 und
788 293 1235 355 Haushaltungsleunst
1267 295 1420 340 Wien
1443 305 1578 351 1772.
1605 294 1684 347 8.*
1729 297 1876 342 Locus
1902 297 1955 341 de
1975 299 2126 352 modo,
2149 315 2243 358 quo

198 355 323 403 surdi
359 358 487 418 loqui
525 358 777 413 docentur,
825 375 879 405 ex
907 357 1187 418 physiologia
1215 373 1318 405 mea
1352 355 1542 404 sumtus.
1621 359 1834 419 Nupcros
1863 357 2094 408 fasciculos
2127 363 2245 408 dice-

197 436 298 466 mus
319 436 357 467 a.
384 434 520 480 1775.

328 508 374 556 J.
405 503 519 551 Frid.
547 504 790 550 HAESELER
828 499 1117 563 Betrachtung
1147 500 1254 549 iiber
1287 501 1366 548 das
1390 499 1652 563 mensihliche
1677 503 1799 564 Auge
1845 503 2012 550 Hamb.
2035 517 2167 563 1771.
2195 513 2240 561 8.

200 567 336 613 Oculi
367 566 612 612 artificialis
642 566 924 625 praeparatio.

325 651 372 701 J.
396 649 555 707 Ernesti
580 648 854 699 GREDING‚
900 647 979 705 qui
1017 646 1066 691 in
1104 644 1385 692 nosodochio
1414 645 1783 693 Waldheimensi
1810 645 1988 694 furiosis
2020 648 2245 696 destinato

197 711 464 757 medicinam
503 710 610 756 fecit
632 744 644 762 ‚
697 710 902 769 plurimae
942 707 1277 756 observationes
1311 712 1574 756 anatomicae
1615 713 1657 757 &
1687 713 1941 758 anatomico
1973 710 2244 773 physiologi.

201 791 289 827 cae,
333 776 382 819 in
412 775 780 821 LUDW1G1ANJS
811 771 1072 819 adversariis
1107 774 1247 833 inque
1282 775 1337 819 T.
1366 775 1447 820 111.
1491 775 1538 821 P.
1567 774 1648 821 lV.
1685 776 1991 835 reperiuntur.
2067 775 2246 835 Pigurae

197 838 355 898 capitis
387 849 640 896 corruptae,
687 838 943 882 eminentiae
979 839 1127 882 alieno
1167 838 1268 882 loco
1303 836 1469 895 politae.
1537 838 1592 883 In
1632 840 1813 884 cerebro
1847 840 1997 884 nullos
2027 854 2245 885 nonnun-

197 917 331 961 quam
348 917 482 961 gyros
495 902 673 960 reperit,
742 901 946 946 Granula
962 898 1123 945 semini
1135 900 1388 945 cannabino
1403 899 1556 946 similia
1573 902 1689 947 circa
1703 903 1970 948 cerebellum
1987 902 2035 948 in
2053 901 2126 961 pia
2153 918 2243 947 me-

199 966 351 1024 ninge.
419 966 473 1010 ln
506 964 715 1009 tentoriis
753 964 956 1009 cerebelli
987 979 1112 1008 venae
1140 962 1337 1008 stellatae.
1406 964 1689 1010 Cerebellum
1727 967 1992 1026 plerumque
2023 966 2242 1012 cerebello

199 1028 408 1073 mollius:
445 1027 724 1086 encephalon
752 1038 900 1071 totum
928 1024 1095 1071 insanis
1122 1026 1227 1071 alias
1254 1027 1462 1079 mollius,
1498 1028 1605 1073 alias
1624 1029 1780 1074 durius
1806 1028 1881 1074 est.
1951 1029 2087 1074 b'ullae
2104 1037 2243 1076 aereae

196 1092 246 1137 in
273 1089 481 1136 vasorum
507 1092 641 1136 ramis
674 1093 714 1136 ἃ
732 1090 781 1135 in
796 1088 981 1134 finubus
1008 1087 1294 1148 frequentes,
1335 1092 1435 1135 &in
1458 1091 1529 1150 pia
1546 1102 1685 1136 matre
1701 1095 1886 1151 granula
1900 1090 2105 1151 fungosa.
2175 1094 2245 1139 De

195 1155 307 1215 pede
346 1152 632 1213 hippocampi
670 1155 711 1199 &
744 1153 879 1198 tertio
919 1152 1175 1197 ventriculo
1207 1150 1318 1198 fuse.
1387 1155 1515 1213 Aqua
1550 1156 1910 1208 ventriculorum
1939 1153 2241 1203 sedimentum

195 1217 329 1278 ponit
353 1220 476 1277 puris
497 1215 650 1262 simile.
720 1213 1017 1261 Commissum
1046 1216 1216 1261 cerebri
1247 1217 1445 1262 anterior
1470 1219 1627 1269 nulla;
1664 1219 1946 1264 ventriculus
1981 1219 2143 1265 tertius
2165 1219 2242 1266 sae-

196 1298 251 1341 pe
278 1296 392 1340 aqua
420 1281 607 1341 plenus,
638 1279 851 1339 glandula
874 1279 1063 1338 pinealis
1085 1279 1298 1325 arenulis.
1366 1279 1611 1327 Thalamos
1630 1281 1805 1341 opticos
1833 1279 2047 1328 rarissime
2072 1280 2114 1327 se
2134 1300 2243 1329 con-

196 1345 384 1404 tingere.
452 1344 490 1389 A
523 1343 743 1389 colliculis
772 1342 1030 1388 minoribus
1059 1341 1306 1402 pedunculi
1335 1344 1561 1402 glandulae
1597 1345 1803 1404 pinealis‚
1887 1343 2243 1394 Infundibulum

191 1423 356 1453 cavum
380 1404 455 1453 est.
523 1406 781 1452 Tubercula
808 1408 857 1451 in
888 1422 1032 1452 cornu
1060 1405 1296 1465 posteriori
1323 1408 1565 1453 ventriculi
1594 1407 1854 1468 superioris,

317 1491 364 1542 J.
396 1484 599 1548 Chrzstian
624 1488 819 1534 ΚΕΜΜΕ
856 1487 1099 1547 Einleitzmg
1136 1491 1180 1532 in
1216 1487 1285 1532 die
1315 1488 1513 1534 Medicin
1549 1487 1789 1550 iiberhaupt
1835 1490 1954 1536 Hall.
1984 1503 2120 1550 1771.
2163 1489 2245 1544 82?

190 1551 364 1597 Contra
384 1553 716 1598 STAHLIANOS
740 1551 907 1611 pariter
927 1553 968 1597 Sc
997 1563 1156 1597 contra
1173 1549 1472 1599 mechanicos.
1544 1553 1718 1599 Contra
1739 1555 2044 1614 experimenta
2064 1556 2114 1601 in
2133 1556 2239 1600 bru-

188 1616 246 1661 tis
269 1614 541 1673 animalibus
565 1626 705 1674 capta.

321 1695 468 1741 Adam
498 1697 659 1740 Anton.
683 1696 932 1743 BRUNNER
959 1694 1177 1744 Abhandl.
1196 1715 1284 1744 von
1309 1697 1387 1745 der
1404 1695 1797 1760 Hervorbrechzmg
1819 1697 1896 1745 der
1913 1697 2054 1746 Ziz'hne
2084 1700 2241 1747 Wieu

200 1770 336 1817 1771.
372 1758 449 1813 8.*
485 1756 696 1807 Multum
720 1757 920 1806 theoriae.
989 1761 1130 1808 Redit
1151 1762 1201 1807 in
1228 1761 1340 1820 Fasc.
1361 1762 1396 1809 1.
1426 1763 1699 1810 WAssERB.
1727 1773 1950 1823 excerpta.

673 1887 723 1945 S..
753 1889 1028 1937 MCCLX.
1137 1895 1237 1938 Otto
1266 1889 1486 1938 Friderich
1509 1892 1747 1939 MULLER.

317 1984 403 2032 Vir
438 1982 697 2032 feliciffimae
725 1985 958 2032 industriae
995 1987 1044 2033 in
1079 1987 1348 2034 animalibus
1385 1987 1642 2034 minoribus
1682 1989 1901 2049 aquaticis
1938 1990 2236 2051 indagandis,

187 2049 545 2109 contemplandis
563 2083 576 2102 ‚
615 2050 755 2109 inque
776 2051 938 2108 plantis
964 2049 1321 2103 studiofiffimus,

191 2194 199 2203 .
311 2129 686 2240 InPhilstTranfi
721 2131 809 2179 Vol.
836 2131 954 2177 LXI.
983 2132 1077 2192 agit
1101 2131 1155 2178 de
1180 2134 1458 2186 monoculo,
1499 2131 1574 2179 cui
1615 2131 1722 2179 testa
1748 2135 1970 2194 pellucidu
2003 2137 2044 2182 &
2077 2136 2238 2183 oculus

186 2209 236 2241 m
265 2210 437 2241 cervice
464 2211 486 2241 e
529 2230 540 2240 .

314 2275 390 2335 EJ.
432 2281 519 2324 Von
542 2276 622 2322 den
646 2281 883 2323 Warmern
908 2276 979 2322 des
989 2275 1130 2338 suffen
1155 2277 1246 2323 und
1260 2276 1494 2335 fitlzichten
1529 2276 1712 2339 Waffiers
1745 2279 1983 2340 Koppenh.
2009 2294 2138 2338 1771.
2159 2283 2239 2338 4*

188 2338 366 2384 Genera
384 2339 584 2385 definita.
637 2342 812 2387 Oculos
834 2357 937 2386 cum
959 2339 1156 2387 habeant
1179 2343 1301 2394 &os,
1330 2358 1426 2387 non
1438 2342 1565 2387 videt
1582 2343 1650 2388 vir
1671 2343 1743 2389 CL
1760 2359 1839 2389 cur
1864 2345 2006 2404 capite
2030 2345 2241 2390 dicantur

187 2401 382 2448 destitui.
449 2404 639 2449 Nereis:
675 2404 726 2449 in
746 2420 793 2449 ea
821 2403 1086 2450 intestinum
1116 2405 1241 2450 intus
1264 2407 1472 2450 arteriam
1499 2405 1883 2465 comprehendens
1902 2441 1913 2458 ,
1951 2409 2120 2452 alterne
2141 2407 2235 2453 stri-

188 2467 302 2511 ctam
330 2467 371 2511 &
399 2466 620 2518 laxatam,
657 2483 758 2526 quae
784 2465 965 2513 succum
990 2468 1236 2513 nutritium
1265 2469 1320 2513 ab
1342 2469 1557 2514 intestino
1583 2483 1785 2529 paratum
1809 2472 1981 2529 accipit.
2058 2471 2121 2516 Ex
2141 2487 2237 2529 par-³

187 2540 231 2574 te
251 2528 486 2588 posteriori
523 2532 726 2575 animalis
761 2531 872 2576 novi
906 2528 1156 2576 nascuntur
1178 2532 1380 2584 articuli,
1416 2533 1464 2577 in
1490 2549 1604 2591 quos
1633 2534 1673 2578 ἃ
1701 2536 1860 2579 arteria
1889 2546 2160 2593 propagatur
2192 2538 2234 2579 S:

183 2592 463 2638 intestinum.
534 2593 620 2639 Sed
645 2593 778 2639 etiam
806 2610 861 2639 ex
891 2595 1024 2639 latere
1051 2594 1258 2641 animalis
1287 2596 1525 2641 colliculus
1550 2597 1720 2642 eminet
1739 2631 1750 2647 ‚
1791 2599 1841 2642 in
1870 2598 2034 2642 animal
2072 2613 2234 2642 conza-

184 2656 348 2701 liturus
374 2690 386 2709 ,
431 2657 554 2715 quod
583 2673 607 2702 a
647 2670 786 2702 matre
819 2655 1006 2710 secedit,
1057 2660 1137 2714 (&
1176 2658 1263 2704 alia
1295 2659 1487 2704 eundem
1526 2659 1581 2705 ad
1619 2661 1873 2711 modum),
1926 2660 2043 2704 idem
2081 2658 2236 2706 fecun-

184 2720 292 2765 dum
320 2719 554 2773 futurum,
593 2720 731 2766 etiam
752 2719 860 2765 dum
889 2720 1023 2766 matri
1047 2720 1279 2774 adhaeret3
1317 2725 1359 2769 ἅ
1385 2721 1530 2782 ipsum
1560 2738 1766 2783 magnam
1795 2723 2001 2768 arteriam
2030 2722 2163 2769 habet
2194 2726 2235 2770 Sc

183 2783 473 2836 intestinum,
511 2800 606 2828 non
633 2784 743 2829 adeo
772 2783 903 2829 matri
934 2784 1196 2830 nociturum
1214 2818 1229 2838 ,
1262 2787 1430 2832 vulnus
1459 2786 1580 2832 enim
1615 2787 1837 2832 continuo
1863 2787 2103 2832 clauditur.
2161 2788 2234 2834 Sc-

182 2861 268 2890 xus
300 2848 478 2892 nullum
501 2846 754 2907 vestigium.
823 2847 978 2893 Diaria
1006 2848 1276 2895 incrementi
1306 2850 1545 2908 utriusque
1576 2850 1854 2895 animalculi.
1922 2851 1965 2895 Si
2001 2851 2136 2895 matri
2161 2867 2232 2896 ca·

184 2919 267 2966 put
297 2909 561 2962 resecueris‚
599 2909 710 2956 nihil
746 2911 853 2956 inde
874 2922 1015 2957 mater
1041 2912 1146 2956 mali
1164 2913 1377 2972 percipit,
1416 2928 1609 2970 namque
1637 2925 1770 2970 caput
1797 2913 1836 2958 ei
1860 2925 2088 2973 reparatur
2108 2947 2119 2965 ,
2157 2913 2231 2958 scd

182 2986 333 3027 neque
348 2971 463 3019 fetus
486 2973 679 3020 laeditur.
747 2973 941 3034 Refecta
964 2989 1066 3038 pars
1090 2975 1278 3037 perinde
1296 2974 1565 3033 renascitur,
1630 2976 1740 3025 Filia
1772 2993 1867 3025 non
1890 2977 2026 3025 unica
2052 2976 2128 3028 est,
2160 2975 2234 3021 sed

247 3035 395 3094 (Bibl.
419 3039 556 3086 Anat.
588 3041 638 3086 T.
653 3036 754 3094 ΙΙ.)
1372 3040 1412 3087 R
1431 3054 1451 3085 r
1484 3054 1505 3084 r
1529 3038 1563 3085 ῥ’
2055 3042 2226 3089 mula,
