2531 3394
540 106 590 166 §-
632 111 770 158 1260.
809 111 945 157 1261.
1011 108 1075 156 ο.
1110 108 1160 156 F.
1196 96 1526 157 MULLER.
1592 102 1897 157 VITTET.
2156 106 2251 167 εἷς

323 239 379 287 In
402 216 598 287 Berliner
626 241 925 302 Sammlungen
964 243 1069 287 anni
1097 244 1227 298 1768.
1258 236 1313 283 de
1343 234 1575 297 zoophyto
1601 233 1699 284 fimi
1738 237 1894 298 equini
1923 239 2042 300 agit,
2078 239 2243 286 vermi-

193 305 324 358 cu'10‚
362 304 485 352 intra
511 303 812 364 crystallinam
840 303 1109 366 sphaerulam
1137 301 1180 348 se
1201 303 1415 364 agitante.

890 447 937 504 §-
973 447 1284 515 MCCLXI.
1393 446 1518 494 Gaui.

319 563 544 623 JAcQum
566 563 616 609 de
633 562 811 621 lasante‘
843 562 964 608 Paris
992 573 1127 618 1771.
1160 559 1266 606 12.*
1307 560 1506 620 Simplex
1533 575 1617 605 nec
1641 559 1784 605 malus
1807 557 1935 605 liber.
2004 561 2243 622 Tempera-

192 639 344 672 menta
368 644 379 671 ε
422 629 557 672 etiam
588 639 682 672 atra
706 627 825 672 bilis.
899 627 985 672 Lac
1017 641 1221 671 amarum
1240 624 1405 670 reddia
1431 622 1551 669 foliis
1581 621 1916 682 hippocastani,
1947 625 2112 681 quibus
2139 642 2239 672 vac-

193 706 243 735 ca
270 687 494 748 pascitur3
531 706 698 750 organa
727 688 989 749 digestionis
1019 705 1073 734 ex
1101 689 1239 734 variis
1264 687 1581 746 scriptoribus,
1618 687 1753 733 etiam
1772 687 2087 735 Pi'rCARNIO.
2156 690 2243 736 Lac

191 751 374 799 seminis
402 754 585 800 tenuius
610 752 719 806 effe,
751 753 917 812 quibus
945 753 1095 813 capilli
1119 752 1276 812 pallidi
1300 749 1419 798 sunt.

322 851 534 897 V1TTET
561 852 626 897 M.
646 852 703 896 D.
731 851 937 896 me‘decine
955 854 1214 896 veterinaire
1246 851 1379 908 Lyon
1396 862 1530 908 1771„
1555 856 1596 902 8.
1623 847 1811 904 3.Vol.*
1847 849 2091 911 Egregium
2109 867 2240 911 opus.

192 915 247 961 In
273 915 377 961 T.1.
402 913 567 960 fabrica
590 917 784 974 partium
811 915 1005 960 traditur
1033 915 1083 960 in
1109 930 1226 974 equo
1252 915 1293 959 &
1321 914 1454 964 bove,
1525 913 1819 973 Osteologia:
1868 916 2024 960 dentes
2054 917 2096 960 &
2128 915 2242 962 ordo

192 995 284 1038 quo
314 989 562 1028 mutantur.
633 978 804 1037 Utique
828 979 994 1036 digitus
1028 994 1147 1036 equo
1168 977 1362 1029 unicus,
1401 977 1474 1022 cui
1506 978 1643 1022 tendo
1673 975 1884 1023 inseritur
1905 1011 1917 1030 ‚
1960 994 2095 1037 quem
2126 995 2243 1024 non-

192 1042 309 1087 nulli
337 1043 392 1087 ab
413 1044 641 1088 ACfflLLE
666 1041 892 1093 dixerunt,
918 1053 1077 1100 praeter
1105 1042 1374 1099 analogiam.
1443 1039 1682 1093 Musculus
1716 1053 1934 1086 cutaneus
1952 1042 2070 1101 equi.
2139 1043 2243 1088 Irri-

192 1105 390 1152 tabilitas
419 1121 443 1150 a
471 1103 693 1150 sentiendi
723 1102 937 1149 facultate
959 1119 1056 1148 non
1079 1102 1184 1150 satis
1217 1104 1437 1150 distintsia.
1507 1104 1696 1163 Linguae
1722 1104 2013 1149 involucrum
2039 1105 2161 1150 aliud
2187 1105 2244 1151 ab

193 1169 491 1228 epidermide,
525 1167 647 1213 aliud
673 1165 918 1218 fibrosum,
958 1168 1133 1227 papillis
1163 1168 1364 1226 plenum.
1432 1168 1574 1213 Nulla
1601 1169 1754 1213 uvula.
1826 1167 2088 1228 Oesophagi
2116 1167 2244 1216 fibrae

191 1232 242 1279 in
273 1248 358 1278 ove
389 1229 633 1277 decuffatae.
703 1231 896 1276 Valvula
928 1231 1075 1289 pylori
1115 1231 1165 1276 in
1203 1247 1320 1289 equo
1352 1233 1393 1276 ὃς
1422 1230 1569 1283 bove,
1618 1232 1745 1276 nulla
1784 1247 1887 1276 vero
1916 1233 2097 1277 valvula
2130 1231 2244 1278 oeso-

192 1295 342 1356 phagi.
410 1293 541 1341 Nihil
571 1295 620 1339 in
647 1291 782 1340 succo
811 1295 1058 1341 ventriculi
1090 1295 1283 1340 alealini.
1351 1296 1506 1340 Nullae
1535 1294 1737 1340 duodeni
1764 1294 1988 1354 glandulae
2013 1314 2024 1340 z
2059 1297 2240 1342 valvula

191 1359 247 1405 ad
269 1358 432 1404 ostium
459 1357 621 1403 duetus
636 1356 919 1405 choledochi.
989 1359 1248 1404 ventriculi
1265 1357 1396 1404 bovis
1418 1376 1430 1403 ε
1467 1374 1600 1404 crena
1615 1358 1783 1404 ducens
1799 1356 1847 1404 in
1871 1359 2054 1404 tertium
2072 1360 2243 1405 ventri-

191 1423 361 1474 culum,
398 1437 618 1481 perquem
637 1438 749 1481 aqua
765 1423 803 1467 &-
829 1436 965 1468 tenue
978 1422 1196 1481 pabulum
1211 1439 1262 1467 eo
1280 1439 1333 1467 ex
1345 1423 1448 1482 gula
1463 1422 1640 1480 migrat.
1687 1425 1815 1482 Aqua
1828 1422 1930 1468 bilis
1948 1422 2131 1469 bubulae
2151 1439 2246 1469 mo-

190 1482 349 1532 schum
372 1485 558 1531 redolet.
628 1486 682 1531 In
714 1502 831 1545 equo
862 1486 953 1531 duo
985 1487 1145 1532 duetus
1177 1486 1459 1545 pancreatici.
1511 1486 1653 1531 Nulla
1678 1486 1976 1545 appendicula
1999 1503 2144 1546 neque
2163 1502 2245 1532 eae-

192 1564 296 1595 cum
322 1549 445 1595 bovi.
516 1546 635 1594 Vasa
665 1548 936 1608 lymphatica
967 1561 1101 1608 negat
1135 1566 1190 1595 ex
1230 1547 1441 1595 cellulosa
1484 1551 1573 1595 tela
1597 1549 1792 1608 prodire.
1861 1549 1929 1594 Ad
1958 1549 2120 1595 ostium
2163 1550 2245 1595 du-

191 1615 289 1658 Ctus
317 1611 524 1672 chyliferi
542 1614 591 1658 in
619 1629 735 1672 equo
767 1613 866 1658 duae
892 1614 1100 1659 valvulae.
1156 1612 1269 1659 Fuse
1295 1613 1348 1658 de
1370 1612 1630 1673 digestione.
1686 1613 1755 1658 De
1784 1610 1869 1658 offe
1894 1613 2041 1659 cordis
2063 1613 2242 1667 bubuli,

192 1676 316 1735 quod
344 1675 441 1735 post
462 1674 635 1722 sextum
672 1692 843 1722 annum
870 1674 1168 1723 subnascitur.
1239 1677 1413 1723 Contra
1441 1675 1654 1722 veliculas
1685 1677 1987 1736 pulmonales.
2055 1677 2244 1723 Arteriae

190 1740 381 1786 irritatae
412 1756 510 1785 non
527 1738 877 1786 contrahuntur.
947 1739 1104 1787 Pulsus
1129 1756 1246 1799 equo
1270 1752 1359 1798 40,
1390 1741 1514 1800 pullo
1542 1753 1674 1798 50755
1700 1757 1711 1784 :
1750 1742 1897 1798 plures
1927 1756 2053 1799 equae
2079 1743 2119 1786 ἃ
2144 1757 2246 1787 vac-

193 1819 256 1848 eae
292 1819 427 1863 quam
473 1803 685 1850 maribus.
756 1806 909 1851 Nullae
949 1804 1057 1849 bovi
1092 1804 1319 1864 glandulae
1352 1805 1540 1850 renales.
1609 1804 1764 1862 Duplo
1794 1804 1894 1861 plus
1931 1820 2064 1863 quam
2100 1820 2245 1864 equus

191 1866 311 1912 idem
341 1867 528 1928 mingit:
599 1868 794 1927 Ganglia
823 1868 871 1913 in
892 1869 1067 1926 juniori
1091 1869 1283 1913 animale
1310 1869 1493 1927 majora.
1564 1867 1746 1912 Nervus
1783 1865 2090 1926 sympathicus
2124 1884 2247 1927 mag-

191 1945 280 1976 nus
301 1946 405 1976 cum
424 1934 584 1978 oetavo
601 1947 678 1991 per
701 1930 957 1978 cellulosam
985 1934 1118 1977 telam
1146 1931 1457 1992 conjungitur.
1527 1931 1582 1975 In
1599 1929 1717 1994 bove
1745 1929 1864 1975 idem
1882 1928 2116 1977 musculus
2139 1931 2248 1976 mal-

191 1995 311 2040 leum
339 1994 433 2041 adit
458 1997 499 2041 &
523 1994 750 2041 incudem.
818 1996 954 2042 Bovis
985 1993 1180 2041 secunda
1217 1996 1430 2055 glandula
1467 1995 1739 2045 lacrumalis.
1825 1994 1975 2040 Partes
2009 1995 2245 2054 genitales.

191 2057 313 2116 Equi
345 2057 445 2104 duae
471 2057 675 2106 velieulae
699 2056 930 2105 seminales
966 2061 1008 2105 &
1038 2060 1171 2105 tertia
1196 2059 1359 2111 media,
1426 2058 1568 2104 Fibrae
1598 2073 1769 2103 carneae
1799 2056 1849 2102 in
1880 2055 2005 2103 saeco
2033 2073 2247 2103 caverno-

192 2118 255 2167 so.
297 2122 379 2167 *ln
413 2122 560 2169 vaccis
598 2139 808 2177 venerem
839 2120 1132 2182 sequentibus
1168 2122 1376 2168 ovarium
1413 2119 1673 2166 diffiluerat.
1743 2121 1872 2179 Aqua
1915 2121 2058 2166 amnii
2084 2122 2243 2180 utique

193 2184 320 2231 dotes
346 2183 483 2232 habet
508 2186 698 2246 liquoris
721 2186 917 2232 nutritii.
986 2187 1298 2245 Hippomanes
1321 2185 1384 2230 ad
1410 2183 1733 2230 resorbendum
1753 2184 1917 2229 lotium
1938 2182 2120 2230 saelum.
2190 2185 2247 2230 In

193 2248 434 2307 utriusque
460 2250 667 2296 animalis
702 2248 799 2296 fetu
828 2248 957 2295 fzeces
990 2251 1040 2296 in
1073 2249 1329 2295 ventriculo
1361 2248 1663 2308 reperiuntur.
1745 2246 1883 2293 Fetus
1921 2264 2064 2307 nuper
2100 2249 2149 2293 in
2178 2248 2247 2293 lu-

193 2326 289 2357 cem
313 2312 459 2358 editus
483 2315 531 2358 in
558 2326 755 2374 utroque
774 2312 978 2360 animalis
1001 2328 1162 2375 genere
1188 2314 1255 2359 lac
1280 2314 1328 2358 in
1357 2312 1562 2358 mammis
1593 2310 1743 2356 habet.
1812 2312 1901 2356 Lac
1936 2312 1977 2356 ἃ
2004 2327 2224 2357 mammae.

240 2471 268 2519 s
292 2411 377 2483 ‘In
404 2411 460 2458 T.
477 2411 536 2457 ΙΙ.
570 2412 713 2458 Nulla
752 2429 914 2473 magna
944 2411 1244 2472 symptomata
1271 2428 1297 2458 a
1325 2409 1436 2458 laefis
1469 2408 1749 2456 tendinibUS.
1818 2408 1974 2469 Equus
2008 2424 2084 2468 per
2116 2424 2247 2455 nares

191 2490 238 2520 re
260 2487 391 2535 pirat.

322 2573 377 2619 In
409 2574 463 2621 T.
487 2575 567 2620 111.
594 2573 869 2621 bibliotheca
889 2573 1176 2622 veterinaria.
1244 2573 1410 2622 Sudori
1442 2571 1587 2620 critici
1618 2568 1777 2632 sapor,
1812 2571 1853 2616 &
1886 2569 1999 2616 odor
2027 2567 2141 2632 saepe
2175 2570 2246 2618 in-

192 2637 455 2684 tolerabilis.
526 2639 644 2685 Ovis
674 2640 850 2699 parcius
881 2639 1059 2699 mingit.

320 2734 499 2799 Belgice
534 2737 705 2798 prodiit:
740 2736 1016 2785 Amsterdam
1052 2749 1188 2797 1775.
1227 2744 1271 2793 8.

326 2835 400 2896 EJ.
442 2837 626 2899 Reponse
657 2840 682 2883 ἁ
721 2838 764 2883 la
793 2838 919 2883 lettre
944 2836 995 2882 de
1016 2840 1086 2884 M.
1112 2841 1182 2884 M.
1204 2837 1419 2884 Flusota
1453 2835 1496 2881 &
1517 2834 1848 2881 CHAMPEAux
1878 2832 1960 2894 fier
1995 2832 2032 2880 le
2063 2842 2245 2894 rapport

192 2897 315 2956 qu’ils
340 2912 414 2946 ont
425 2902 522 2961 fait
548 2902 620 2949 des
654 2901 793 2962 causes
821 2901 873 2949 de
901 2901 944 2948 la
971 2913 1085 2948 mort
1108 2901 1159 2948 de
1181 2901 1226 2948 la
1240 2897 1478 2964 pretendue
1493 2897 1584 2960 fiffe
1617 2895 1715 2953 &c-

1234 2999 1277 3047 R
1295 3014 1318 3046 r
1349 3013 1409 3045 rr
1441 3006 1473 3045 2
2052 2994 2244 3044 nmio»-
