<?xml version="1.0" encoding="UTF-8"?>
<!DOCTYPE html PUBLIC "-//W3C//DTD XHTML 1.0 Transitional//EN"
    "http://www.w3.org/TR/xhtml1/DTD/xhtml1-transitional.dtd">
<html xmlns="http://www.w3.org/1999/xhtml" xml:lang="en" lang="en">
 <head>
  <title>
</title>
<meta http-equiv="Content-Type" content="text/html;charset=utf-8" />
  <meta name='ocr-system' content='tesseract 3.04.00' />
  <meta name='ocr-capabilities' content='ocr_page ocr_carea ocr_par ocr_line ocrx_word'/>
</head>
<body>
  <div class='ocr_page' id='page_1' title='image "bibliothecaanato02hall_0417.png"; bbox 0 0 2531 3394; ppageno 0'>
   <div class='ocr_carea' id='block_1_1' title="bbox 755 124 2292 198">
    <p class='ocr_par' dir='ltr' id='par_1_1' title="bbox 755 124 2292 198">
     <span class='ocr_line' id='line_1_1' title="bbox 755 124 2292 198; baseline 0.006 -21"><span class='ocrx_word' id='word_1_1' title='bbox 755 124 1157 192; x_wconf 76' lang='lat'><strong>§.1077.1078.</strong></span> <span class='ocrx_word' id='word_1_2' title='bbox 1224 128 1520 180; x_wconf 90' lang='lat' dir='ltr'><strong>DELIUS.</strong></span> <span class='ocrx_word' id='word_1_3' title='bbox 1590 128 1761 182; x_wconf 86' lang='lat' dir='ltr'><strong>ALII.</strong></span> <span class='ocrx_word' id='word_1_4' title='bbox 2193 146 2292 198; x_wconf 73' lang='lat'><strong>407</strong></span> 
     </span>
    </p>
   </div>
   <div class='ocr_carea' id='block_1_2' title="bbox 222 225 2287 341">
    <p class='ocr_par' dir='ltr' id='par_1_2' title="bbox 222 225 2287 341">
     <span class='ocr_line' id='line_1_2' title="bbox 350 225 2287 297; baseline -0.001 -19"><span class='ocrx_word' id='word_1_5' title='bbox 350 229 426 291; x_wconf 85' lang='lat' dir='ltr'><strong>EJ.</strong></span> <span class='ocrx_word' id='word_1_6' title='bbox 462 230 531 276; x_wconf 88' lang='lat' dir='ltr'><em>De</em></span> <span class='ocrx_word' id='word_1_7' title='bbox 555 230 650 276; x_wconf 81' lang='lat' dir='ltr'><strong>ovis</strong></span> <span class='ocrx_word' id='word_1_8' title='bbox 671 227 949 276; x_wconf 81' lang='lat' dir='ltr'><em>muliebribus</em></span> <span class='ocrx_word' id='word_1_9' title='bbox 962 228 1159 292; x_wconf 78' lang='lat' dir='ltr'><strong>fecundis</strong></span> <span class='ocrx_word' id='word_1_10' title='bbox 1185 225 1245 285; x_wconf 59' lang='grc' dir='ltr'><strong>ἓξ</strong></span> <span class='ocrx_word' id='word_1_11' title='bbox 1253 227 1473 290; x_wconf 83' lang='lat' dir='ltr'><strong>sterilibus</strong></span> <span class='ocrx_word' id='word_1_12' title='bbox 1505 229 1687 292; x_wconf 86' lang='lat' dir='ltr'><strong>Erlang.</strong></span> <span class='ocrx_word' id='word_1_13' title='bbox 1718 236 1809 290; x_wconf 87' lang='lat'><strong>176</strong></span> <span class='ocrx_word' id='word_1_14' title='bbox 1815 241 1854 288; x_wconf 83' lang='lat'><strong>3.</strong></span> <span class='ocrx_word' id='word_1_15' title='bbox 1873 229 1957 291; x_wconf 74' lang='lat'><strong>4*</strong></span> <span class='ocrx_word' id='word_1_16' title='bbox 1990 249 2093 282; x_wconf 88' lang='lat' dir='ltr'><strong>cum</strong></span> <span class='ocrx_word' id='word_1_17' title='bbox 2123 235 2287 297; x_wconf 74' lang='lat' dir='ltr'><strong>aliqui..</strong></span> 
     </span>
     <span class='ocr_line' id='line_1_3' title="bbox 222 290 723 341; baseline -0.004 0"><span class='ocrx_word' id='word_1_18' title='bbox 222 290 308 341; x_wconf 84' lang='lat' dir='ltr'><strong>bus</strong></span> <span class='ocrx_word' id='word_1_19' title='bbox 333 292 723 341; x_wconf 78' lang='lat' dir='ltr'><strong>adnotationibus.</strong></span> 
     </span>
    </p>
   </div>
   <div class='ocr_carea' id='block_1_3' title="bbox 219 373 2280 748">
    <p class='ocr_par' dir='ltr' id='par_1_3' title="bbox 350 373 1277 439">
     <span class='ocr_line' id='line_1_4' title="bbox 350 373 1277 439; baseline -0.001 -17"><span class='ocrx_word' id='word_1_20' title='bbox 350 376 427 437; x_wconf 88' lang='lat' dir='ltr'><strong>EJ.</strong></span> <span class='ocrx_word' id='word_1_21' title='bbox 468 379 537 423; x_wconf 88' lang='lat' dir='ltr'><em>De</em></span> <span class='ocrx_word' id='word_1_22' title='bbox 558 376 689 439; x_wconf 84' lang='lat' dir='ltr'><strong>pulsu</strong></span> <span class='ocrx_word' id='word_1_23' title='bbox 715 375 945 438; x_wconf 81' lang='lat' dir='ltr'><strong>intestinali</strong></span> <span class='ocrx_word' id='word_1_24' title='bbox 976 373 1039 422; x_wconf 89' lang='lat' dir='ltr'><strong>ib.</strong></span> <span class='ocrx_word' id='word_1_25' title='bbox 1060 379 1197 434; x_wconf 78' lang='lat'><strong>1764.</strong></span> <span class='ocrx_word' id='word_1_26' title='bbox 1231 385 1277 433; x_wconf 91' lang='lat'><strong>4.</strong></span> 
     </span>
    </p>

    <p class='ocr_par' dir='ltr' id='par_1_4' title="bbox 219 454 2280 584">
     <span class='ocr_line' id='line_1_5' title="bbox 349 454 2280 520; baseline 0.004 -16"><span class='ocrx_word' id='word_1_27' title='bbox 349 457 426 519; x_wconf 85' lang='lat' dir='ltr'><strong>EJ.</strong></span> <span class='ocrx_word' id='word_1_28' title='bbox 463 461 766 520; x_wconf 83' lang='lat' dir='ltr'><strong>Experimenta</strong></span> <span class='ocrx_word' id='word_1_29' title='bbox 802 454 862 513; x_wconf 58' lang='grc' dir='ltr'><strong>ἓξ</strong></span> <span class='ocrx_word' id='word_1_30' title='bbox 891 459 1081 518; x_wconf 75' lang='lat' dir='ltr'><strong>cogitata</strong></span> <span class='ocrx_word' id='word_1_31' title='bbox 1114 460 1230 504; x_wconf 84' lang='lat' dir='ltr'><strong>circa</strong></span> <span class='ocrx_word' id='word_1_32' title='bbox 1265 455 1475 504; x_wconf 82' lang='lat' dir='ltr'><strong>lixivium</strong></span> <span class='ocrx_word' id='word_1_33' title='bbox 1496 457 1714 520; x_wconf 76' lang='lat' dir='ltr'><strong>fiznguim&#39;s</strong></span> <span class='ocrx_word' id='word_1_34' title='bbox 1759 457 1820 507; x_wconf 85' lang='lat' dir='ltr'><strong>ib.</strong></span> <span class='ocrx_word' id='word_1_35' title='bbox 1849 462 1984 519; x_wconf 84' lang='lat'><strong>1764.</strong></span> <span class='ocrx_word' id='word_1_36' title='bbox 2007 473 2053 520; x_wconf 82' lang='lat'><strong>4.</strong></span> <span class='ocrx_word' id='word_1_37' title='bbox 2092 460 2280 513; x_wconf 77' lang='lat' dir='ltr'><strong>chemici</strong></span> 
     </span>
     <span class='ocr_line' id='line_1_6' title="bbox 219 523 949 584; baseline 0 -16"><span class='ocrx_word' id='word_1_38' title='bbox 219 523 374 584; x_wconf 78' lang='lat' dir='ltr'><strong>potius</strong></span> <span class='ocrx_word' id='word_1_39' title='bbox 400 523 672 583; x_wconf 86' lang='lat' dir='ltr'><strong>argumenti.</strong></span> <span class='ocrx_word' id='word_1_40' title='bbox 946 532 949 536; x_wconf 75' lang='grc'><strong>”</strong></span> 
     </span>
    </p>

    <p class='ocr_par' dir='ltr' id='par_1_5' title="bbox 350 601 1498 666">
     <span class='ocr_line' id='line_1_7' title="bbox 350 601 1498 666; baseline -0.002 -14"><span class='ocrx_word' id='word_1_41' title='bbox 350 605 424 666; x_wconf 88' lang='lat' dir='ltr'><strong>EJ.</strong></span> <span class='ocrx_word' id='word_1_42' title='bbox 463 608 530 651; x_wconf 87' lang='lat' dir='ltr'><em>De</em></span> <span class='ocrx_word' id='word_1_43' title='bbox 547 602 785 663; x_wconf 63' lang='lat' dir='ltr'><strong>sbrobiculo</strong></span> <span class='ocrx_word' id='word_1_44' title='bbox 818 602 955 650; x_wconf 47' lang='lat' dir='ltr'><strong>cord&amp;</strong></span> <span class='ocrx_word' id='word_1_45' title='bbox 979 614 1030 650; x_wconf 81' lang='lat' dir='ltr'><strong>ut</strong></span> <span class='ocrx_word' id='word_1_46' title='bbox 1045 601 1165 666; x_wconf 81' lang='lat' dir='ltr'><strong>signo</strong></span> <span class='ocrx_word' id='word_1_47' title='bbox 1200 603 1261 651; x_wconf 87' lang='lat' dir='ltr'><strong>ib.</strong></span> <span class='ocrx_word' id='word_1_48' title='bbox 1288 607 1423 663; x_wconf 84' lang='lat'><strong>1766.</strong></span> <span class='ocrx_word' id='word_1_49' title='bbox 1451 615 1498 662; x_wconf 90' lang='lat'><strong>4.</strong></span> 
     </span>
    </p>

    <p class='ocr_par' dir='ltr' id='par_1_6' title="bbox 348 683 2216 748">
     <span class='ocr_line' id='line_1_8' title="bbox 348 683 2216 748; baseline 0.002 -13"><span class='ocrx_word' id='word_1_50' title='bbox 348 687 424 748; x_wconf 87' lang='lat' dir='ltr'><strong>EJ.</strong></span> <span class='ocrx_word' id='word_1_51' title='bbox 460 686 702 735; x_wconf 82' lang='lat' dir='ltr'><strong>Peculiaria</strong></span> <span class='ocrx_word' id='word_1_52' title='bbox 729 683 1028 747; x_wconf 80' lang='lat' dir='ltr'><strong>microfcopica</strong></span> <span class='ocrx_word' id='word_1_53' title='bbox 1056 690 1172 732; x_wconf 86' lang='lat' dir='ltr'><strong>circa</strong></span> <span class='ocrx_word' id='word_1_54' title='bbox 1184 685 1258 744; x_wconf 82' lang='lat' dir='ltr'><strong>sal</strong></span> <span class='ocrx_word' id='word_1_55' title='bbox 1269 687 1359 746; x_wconf 71' lang='lat' dir='ltr'><strong>seri</strong></span> <span class='ocrx_word' id='word_1_56' title='bbox 1397 685 1460 732; x_wconf 88' lang='lat' dir='ltr'><strong>ib.</strong></span> <span class='ocrx_word' id='word_1_57' title='bbox 1494 691 1585 743; x_wconf 81' lang='lat'><strong>176</strong></span> <span class='ocrx_word' id='word_1_58' title='bbox 1591 698 1629 744; x_wconf 86' lang='lat'><strong>5.</strong></span> <span class='ocrx_word' id='word_1_59' title='bbox 1660 698 1706 746; x_wconf 87' lang='lat'><strong>4.</strong></span> <span class='ocrx_word' id='word_1_60' title='bbox 1743 687 1856 734; x_wconf 91' lang='lat' dir='ltr'><strong>Non</strong></span> <span class='ocrx_word' id='word_1_61' title='bbox 1880 687 1942 735; x_wconf 86' lang='lat' dir='ltr'><strong>est</strong></span> <span class='ocrx_word' id='word_1_62' title='bbox 1963 688 2017 736; x_wconf 90' lang='lat' dir='ltr'><strong>ad</strong></span> <span class='ocrx_word' id='word_1_63' title='bbox 2038 706 2216 738; x_wconf 82' lang='lat' dir='ltr'><strong>manus.</strong></span> 
     </span>
    </p>
   </div>
   <div class='ocr_carea' id='block_1_4' title="bbox 216 764 2281 894">
    <p class='ocr_par' dir='ltr' id='par_1_7' title="bbox 216 764 2281 894">
     <span class='ocr_line' id='line_1_9' title="bbox 345 764 2281 839; baseline 0.003 -23"><span class='ocrx_word' id='word_1_64' title='bbox 345 769 422 829; x_wconf 89' lang='lat' dir='ltr'><strong>EJ.</strong></span> <span class='ocrx_word' id='word_1_65' title='bbox 459 764 797 828; x_wconf 82' lang='lat' dir='ltr'><strong>Betrachtungen</strong></span> <span class='ocrx_word' id='word_1_66' title='bbox 825 766 918 813; x_wconf 86' lang='lat' dir='ltr'><strong>und</strong></span> <span class='ocrx_word' id='word_1_67' title='bbox 952 765 1323 831; x_wconf 68' lang='lat' dir='ltr'><strong>Unterfizchungen</strong></span> <span class='ocrx_word' id='word_1_68' title='bbox 1342 802 1355 821; x_wconf 90' lang='lat'>‚</span> <span class='ocrx_word' id='word_1_69' title='bbox 1401 765 1555 814; x_wconf 79' lang='lat' dir='ltr'><em>welche</em></span> <span class='ocrx_word' id='word_1_70' title='bbox 1582 767 1661 815; x_wconf 83' lang='lat' dir='ltr'><strong>das</strong></span> <span class='ocrx_word' id='word_1_71' title='bbox 1700 767 1893 832; x_wconf 73' lang='lat' dir='ltr'><strong>Gesclmfi</strong></span> <span class='ocrx_word' id='word_1_72' title='bbox 1917 769 1996 819; x_wconf 83' lang='lat' dir='ltr'><strong>der</strong></span> <span class='ocrx_word' id='word_1_73' title='bbox 2026 777 2281 839; x_wconf 75' lang='lat' dir='ltr'><strong>Erzeugung</strong></span> 
     </span>
     <span class='ocr_line' id='line_1_10' title="bbox 216 832 923 894; baseline -0.004 -13"><span class='ocrx_word' id='word_1_74' title='bbox 216 832 415 894; x_wconf 66' lang='lat' dir='ltr'><strong>betreften</strong></span> <span class='ocrx_word' id='word_1_75' title='bbox 446 834 491 879; x_wconf 93' lang='lat' dir='ltr'>N</span> <span class='ocrx_word' id='word_1_76' title='bbox 497 832 696 893; x_wconf 82' lang='lat' dir='ltr'><strong>&#39;urnberg</strong></span> <span class='ocrx_word' id='word_1_77' title='bbox 720 837 853 889; x_wconf 86' lang='lat'><strong>1766.</strong></span> <span class='ocrx_word' id='word_1_78' title='bbox 881 838 923 886; x_wconf 89' lang='lat'><strong>8.</strong></span> 
     </span>
    </p>
   </div>
   <div class='ocr_carea' id='block_1_5' title="bbox 344 910 2070 1140">
    <p class='ocr_par' dir='ltr' id='par_1_8' title="bbox 344 910 2070 1140">
     <span class='ocr_line' id='line_1_11' title="bbox 344 910 2070 979; baseline 0.003 -17"><span class='ocrx_word' id='word_1_79' title='bbox 344 917 419 976; x_wconf 92' lang='lat' dir='ltr'><strong>EJ.</strong></span> <span class='ocrx_word' id='word_1_80' title='bbox 454 918 520 961; x_wconf 88' lang='lat' dir='ltr'><em>De</em></span> <span class='ocrx_word' id='word_1_81' title='bbox 542 912 846 972; x_wconf 81' lang='lat' dir='ltr'><em>secretionibus</em></span> <span class='ocrx_word' id='word_1_82' title='bbox 867 930 954 960; x_wconf 85' lang='lat' dir='ltr'><strong>una</strong></span> <span class='ocrx_word' id='word_1_83' title='bbox 983 930 1078 960; x_wconf 82' lang='lat' dir='ltr'><strong>cum</strong></span> <span class='ocrx_word' id='word_1_84' title='bbox 1100 913 1193 960; x_wconf 62' lang='lat' dir='ltr'><strong>alitis</strong></span> <span class='ocrx_word' id='word_1_85' title='bbox 1215 910 1393 972; x_wconf 79' lang='lat' dir='ltr'><em>thesibus</em></span> <span class='ocrx_word' id='word_1_86' title='bbox 1420 913 1587 964; x_wconf 64' lang='lat' dir='ltr'><strong>medicis</strong></span> <span class='ocrx_word' id='word_1_87' title='bbox 1620 915 1803 979; x_wconf 85' lang='lat' dir='ltr'><strong>Erlang.</strong></span> <span class='ocrx_word' id='word_1_88' title='bbox 1831 923 1967 977; x_wconf 86' lang='lat'><strong>1767.</strong></span> <span class='ocrx_word' id='word_1_89' title='bbox 1986 916 2070 978; x_wconf 70' lang='lat'><strong>4*</strong></span> 
     </span>
     <span class='ocr_line' id='line_1_12' title="bbox 344 995 1385 1058; baseline -0.002 -13"><span class='ocrx_word' id='word_1_90' title='bbox 344 998 420 1058; x_wconf 86' lang='lat' dir='ltr'><strong>EJ.</strong></span> <span class='ocrx_word' id='word_1_91' title='bbox 461 1000 527 1042; x_wconf 91' lang='lat' dir='ltr'><em>De</em></span> <span class='ocrx_word' id='word_1_92' title='bbox 550 996 676 1042; x_wconf 80' lang='lat' dir='ltr'><strong>vultu</strong></span> <span class='ocrx_word' id='word_1_93' title='bbox 687 995 837 1055; x_wconf 77' lang='lat' dir='ltr'><strong>sereno</strong></span> <span class='ocrx_word' id='word_1_94' title='bbox 859 999 1131 1042; x_wconf 76' lang='lat' dir='ltr'><strong>morientium</strong></span> <span class='ocrx_word' id='word_1_95' title='bbox 1161 996 1221 1042; x_wconf 90' lang='lat' dir='ltr'><strong>ib.</strong></span> <span class='ocrx_word' id='word_1_96' title='bbox 1249 1003 1385 1054; x_wconf 84' lang='lat'><strong>1769.</strong></span> 
     </span>
     <span class='ocr_line' id='line_1_13' title="bbox 347 1076 1476 1140; baseline 0.001 -15"><span class='ocrx_word' id='word_1_97' title='bbox 347 1078 425 1140; x_wconf 85' lang='lat' dir='ltr'><strong>EJ.</strong></span> <span class='ocrx_word' id='word_1_98' title='bbox 472 1082 592 1127; x_wconf 83' lang='lat' dir='ltr'><strong>Uteri</strong></span> <span class='ocrx_word' id='word_1_99' title='bbox 611 1076 792 1139; x_wconf 75' lang='lat' dir='ltr'><strong>fabrica</strong></span> <span class='ocrx_word' id='word_1_100' title='bbox 820 1078 1098 1138; x_wconf 73' lang='lat' dir='ltr'><strong>controverfit</strong></span> <span class='ocrx_word' id='word_1_101' title='bbox 1132 1076 1192 1124; x_wconf 85' lang='lat' dir='ltr'><strong>ib.</strong></span> <span class='ocrx_word' id='word_1_102' title='bbox 1219 1084 1356 1137; x_wconf 89' lang='lat'><strong>1769.</strong></span> <span class='ocrx_word' id='word_1_103' title='bbox 1393 1076 1476 1138; x_wconf 77' lang='lat'><strong>4*</strong></span> 
     </span>
    </p>
   </div>
   <div class='ocr_carea' id='block_1_6' title="bbox 869 1206 1600 1265">
    <p class='ocr_par' dir='ltr' id='par_1_9' title="bbox 869 1206 1600 1265">
     <span class='ocr_line' id='line_1_14' title="bbox 869 1206 1600 1265; baseline 0.001 -10"><span class='ocrx_word' id='word_1_104' title='bbox 869 1206 916 1265; x_wconf 82' lang='lat'><strong>§.</strong></span> <span class='ocrx_word' id='word_1_105' title='bbox 962 1208 1357 1256; x_wconf 90' lang='lat' dir='ltr'><strong>MLXXVIII.</strong></span> <span class='ocrx_word' id='word_1_106' title='bbox 1463 1212 1600 1259; x_wconf 79' lang='lat' dir='ltr'><strong>Varii.</strong></span> 
     </span>
    </p>
   </div>
   <div class='ocr_carea' id='block_1_7' title="bbox 211 1304 2278 1563">
    <p class='ocr_par' dir='ltr' id='par_1_10' title="bbox 211 1304 2278 1563">
     <span class='ocr_line' id='line_1_15' title="bbox 341 1304 2277 1368; baseline 0.005 -13"><span class='ocrx_word' id='word_1_107' title='bbox 341 1308 396 1355; x_wconf 93' lang='lat' dir='ltr'><strong>In</strong></span> <span class='ocrx_word' id='word_1_108' title='bbox 420 1310 535 1356; x_wconf 83' lang='lat' dir='ltr'><strong>Suite</strong></span> <span class='ocrx_word' id='word_1_109' title='bbox 570 1305 641 1353; x_wconf 82' lang='lat' dir='ltr'><strong>des</strong></span> <span class='ocrx_word' id='word_1_110' title='bbox 667 1306 836 1353; x_wconf 71' lang='lat' dir='ltr'><strong>ele&#39;mens</strong></span> <span class='ocrx_word' id='word_1_111' title='bbox 871 1305 922 1352; x_wconf 85' lang='lat' dir='ltr'><em>de</em></span> <span class='ocrx_word' id='word_1_112' title='bbox 958 1304 1165 1352; x_wconf 78' lang='lat' dir='ltr'><strong>medecine</strong></span> <span class='ocrx_word' id='word_1_113' title='bbox 1195 1310 1406 1368; x_wconf 80' lang='lat' dir='ltr'><strong>pratique</strong></span> <span class='ocrx_word' id='word_1_114' title='bbox 1437 1305 1525 1353; x_wconf 92' lang='lat' dir='ltr'><strong>hoc</strong></span> <span class='ocrx_word' id='word_1_115' title='bbox 1559 1323 1682 1355; x_wconf 87' lang='lat' dir='ltr'><strong>anno</strong></span> <span class='ocrx_word' id='word_1_116' title='bbox 1710 1308 1829 1357; x_wconf 84' lang='lat' dir='ltr'><strong>edita</strong></span> <span class='ocrx_word' id='word_1_117' title='bbox 1855 1306 2122 1362; x_wconf 77' lang='lat' dir='ltr'>BOUILLET</span> <span class='ocrx_word' id='word_1_118' title='bbox 2157 1313 2277 1365; x_wconf 64' lang='lat' dir='ltr'><strong>filine</strong></span> 
     </span>
     <span class='ocr_line' id='line_1_16' title="bbox 213 1370 2276 1435; baseline 0.003 -15"><span class='ocrx_word' id='word_1_119' title='bbox 213 1374 307 1435; x_wconf 79' lang='lat' dir='ltr'><strong>agit</strong></span> <span class='ocrx_word' id='word_1_120' title='bbox 334 1373 387 1419; x_wconf 86' lang='lat' dir='ltr'><strong>de</strong></span> <span class='ocrx_word' id='word_1_121' title='bbox 414 1370 633 1433; x_wconf 78' lang='lat' dir='ltr'><strong>pressione</strong></span> <span class='ocrx_word' id='word_1_122' title='bbox 663 1372 777 1417; x_wconf 78' lang='lat' dir='ltr'><strong>aeris</strong></span> <span class='ocrx_word' id='word_1_123' title='bbox 804 1372 854 1417; x_wconf 85' lang='lat' dir='ltr'><strong>in</strong></span> <span class='ocrx_word' id='word_1_124' title='bbox 881 1387 1045 1431; x_wconf 86' lang='lat' dir='ltr'><strong>corpus</strong></span> <span class='ocrx_word' id='word_1_125' title='bbox 1069 1370 1340 1418; x_wconf 89' lang='lat' dir='ltr'><strong>humanum.</strong></span> <span class='ocrx_word' id='word_1_126' title='bbox 1409 1372 1572 1417; x_wconf 86' lang='lat' dir='ltr'><strong>Aerem</strong></span> <span class='ocrx_word' id='word_1_127' title='bbox 1603 1373 1763 1433; x_wconf 89' lang='lat' dir='ltr'><strong>utique</strong></span> <span class='ocrx_word' id='word_1_128' title='bbox 1797 1376 1848 1420; x_wconf 85' lang='lat' dir='ltr'><strong>in</strong></span> <span class='ocrx_word' id='word_1_129' title='bbox 1882 1392 2045 1423; x_wconf 81' lang='lat' dir='ltr'><strong>cavum</strong></span> <span class='ocrx_word' id='word_1_130' title='bbox 2069 1381 2276 1427; x_wconf 87' lang='lat' dir='ltr'><strong>cranium</strong></span> 
     </span>
     <span class='ocr_line' id='line_1_17' title="bbox 211 1435 2278 1510; baseline 0.004 -27"><span class='ocrx_word' id='word_1_131' title='bbox 211 1449 470 1510; x_wconf 76' lang='lat' dir='ltr'><strong>penetrare,</strong></span> <span class='ocrx_word' id='word_1_132' title='bbox 509 1453 565 1483; x_wconf 81' lang='lat' dir='ltr'><em>ex</em></span> <span class='ocrx_word' id='word_1_133' title='bbox 592 1436 776 1483; x_wconf 87' lang='lat' dir='ltr'><strong>cerebro</strong></span> <span class='ocrx_word' id='word_1_134' title='bbox 804 1436 926 1482; x_wconf 86' lang='lat' dir='ltr'><strong>muci</strong></span> <span class='ocrx_word' id='word_1_135' title='bbox 961 1447 1136 1496; x_wconf 84' lang='lat' dir='ltr'><strong>partem</strong></span> <span class='ocrx_word' id='word_1_136' title='bbox 1161 1435 1216 1481; x_wconf 89' lang='lat' dir='ltr'><strong>ad</strong></span> <span class='ocrx_word' id='word_1_137' title='bbox 1240 1451 1371 1483; x_wconf 86' lang='lat' dir='ltr'><strong>nares</strong></span> <span class='ocrx_word' id='word_1_138' title='bbox 1401 1436 1450 1482; x_wconf 89' lang='lat' dir='ltr'><strong>in</strong></span> <span class='ocrx_word' id='word_1_139' title='bbox 1480 1451 1642 1497; x_wconf 82' lang='lat' dir='ltr'>coryza</span> <span class='ocrx_word' id='word_1_140' title='bbox 1672 1436 1938 1486; x_wconf 83' lang='lat' dir='ltr'><strong>descendere</strong></span> <span class='ocrx_word' id='word_1_141' title='bbox 1957 1474 1970 1494; x_wconf 90' lang='lat'><strong>,</strong></span> <span class='ocrx_word' id='word_1_142' title='bbox 2008 1440 2176 1503; x_wconf 79' lang='lat' dir='ltr'>absque</span> <span class='ocrx_word' id='word_1_143' title='bbox 2203 1461 2278 1491; x_wconf 82' lang='lat' dir='ltr'><strong>ex-</strong></span> 
     </span>
     <span class='ocr_line' id='line_1_18' title="bbox 211 1513 481 1563; baseline 0 -16"><span class='ocrx_word' id='word_1_144' title='bbox 211 1513 481 1563; x_wconf 80' lang='lat' dir='ltr'><strong>perimento.</strong></span> 
     </span>
    </p>
   </div>
   <div class='ocr_carea' id='block_1_8' title="bbox 212 1580 2276 1709">
    <p class='ocr_par' dir='ltr' id='par_1_11' title="bbox 212 1580 2276 1709">
     <span class='ocr_line' id='line_1_19' title="bbox 340 1580 2276 1645; baseline 0.005 -16"><span class='ocrx_word' id='word_1_145' title='bbox 340 1583 503 1645; x_wconf 77' lang='lat' dir='ltr'><strong>Angelo</strong></span> <span class='ocrx_word' id='word_1_146' title='bbox 529 1584 780 1631; x_wconf 78' lang='lat' dir='ltr'>NANNONI</span> <span class='ocrx_word' id='word_1_147' title='bbox 797 1617 809 1636; x_wconf 86' lang='lat'><strong>,</strong></span> <span class='ocrx_word' id='word_1_148' title='bbox 843 1580 1060 1643; x_wconf 82' lang='lat' dir='ltr'><strong>Chirurgi</strong></span> <span class='ocrx_word' id='word_1_149' title='bbox 1082 1582 1362 1637; x_wconf 83' lang='lat' dir='ltr'><strong>Florentini‚</strong></span> <span class='ocrx_word' id='word_1_150' title='bbox 1396 1582 1497 1630; x_wconf 81' lang='lat' dir='ltr'><em>delle</em></span> <span class='ocrx_word' id='word_1_151' title='bbox 1521 1583 1695 1631; x_wconf 78' lang='lat' dir='ltr'><strong>malatie</strong></span> <span class='ocrx_word' id='word_1_152' title='bbox 1720 1584 1822 1632; x_wconf 84' lang='lat' dir='ltr'><em>delle</em></span> <span class='ocrx_word' id='word_1_153' title='bbox 1839 1588 2068 1634; x_wconf 82' lang='lat' dir='ltr'><strong>mammelle</strong></span> <span class='ocrx_word' id='word_1_154' title='bbox 2098 1589 2276 1639; x_wconf 88' lang='lat' dir='ltr'><strong>Firenz.</strong></span> 
     </span>
     <span class='ocr_line' id='line_1_20' title="bbox 212 1646 2100 1709; baseline 0.002 -15"><span class='ocrx_word' id='word_1_155' title='bbox 212 1647 444 1708; x_wconf 79' lang='lat'><strong>1746.4.*</strong></span> <span class='ocrx_word' id='word_1_156' title='bbox 485 1649 649 1708; x_wconf 86' lang='lat' dir='ltr'><strong>Aliqua</strong></span> <span class='ocrx_word' id='word_1_157' title='bbox 674 1649 868 1708; x_wconf 87' lang='lat' dir='ltr'><strong>partium</strong></span> <span class='ocrx_word' id='word_1_158' title='bbox 887 1646 1139 1708; x_wconf 81' lang='lat' dir='ltr'><strong>descriptio.</strong></span> <span class='ocrx_word' id='word_1_159' title='bbox 1194 1646 1505 1709; x_wconf 81' lang='lat' dir='ltr'><strong>Physiologica</strong></span> <span class='ocrx_word' id='word_1_160' title='bbox 1531 1649 1738 1709; x_wconf 80' lang='lat' dir='ltr'><strong>quaedam</strong></span> <span class='ocrx_word' id='word_1_161' title='bbox 1759 1650 1812 1696; x_wconf 91' lang='lat' dir='ltr'><em>de</em></span> <span class='ocrx_word' id='word_1_162' title='bbox 1831 1652 2100 1703; x_wconf 72' lang='lat' dir='ltr'><strong>nutritione.</strong></span> 
     </span>
    </p>
   </div>
   <div class='ocr_carea' id='block_1_9' title="bbox 210 1727 2280 1984">
    <p class='ocr_par' dir='ltr' id='par_1_12' title="bbox 210 1727 2280 1984">
     <span class='ocr_line' id='line_1_21' title="bbox 345 1727 2276 1794; baseline 0.001 -16"><span class='ocrx_word' id='word_1_163' title='bbox 345 1733 502 1791; x_wconf 80' lang='lat' dir='ltr'><em>George</em></span> <span class='ocrx_word' id='word_1_164' title='bbox 518 1732 958 1777; x_wconf 76' lang='lat' dir='ltr'>LICHTENSTEGER</span> <span class='ocrx_word' id='word_1_165' title='bbox 980 1729 1047 1775; x_wconf 84' lang='lat' dir='ltr'><strong>die</strong></span> <span class='ocrx_word' id='word_1_166' title='bbox 1063 1747 1138 1779; x_wconf 68' lang='lat' dir='ltr'><strong>aus</strong></span> <span class='ocrx_word' id='word_1_167' title='bbox 1159 1729 1236 1776; x_wconf 85' lang='lat' dir='ltr'><strong>der</strong></span> <span class='ocrx_word' id='word_1_168' title='bbox 1258 1727 1516 1777; x_wconf 82' lang='lat' dir='ltr'><strong>Arithmetic</strong></span> <span class='ocrx_word' id='word_1_169' title='bbox 1542 1731 1635 1777; x_wconf 82' lang='lat' dir='ltr'><strong>und</strong></span> <span class='ocrx_word' id='word_1_170' title='bbox 1661 1735 1895 1779; x_wconf 82' lang='lat' dir='ltr'><strong>Geometrie</strong></span> <span class='ocrx_word' id='word_1_171' title='bbox 1914 1731 2109 1794; x_wconf 80' lang='lat' dir='ltr'><strong>geholten</strong></span> <span class='ocrx_word' id='word_1_172' title='bbox 2129 1738 2276 1784; x_wconf 63' lang='lat' dir='ltr'><strong>Gran.</strong></span> 
     </span>
     <span class='ocr_line' id='line_1_22' title="bbox 210 1792 2280 1857; baseline 0.003 -16"><span class='ocrx_word' id='word_1_173' title='bbox 210 1794 262 1841; x_wconf 84' lang='lat' dir='ltr'><em>de</em></span> <span class='ocrx_word' id='word_1_174' title='bbox 292 1794 369 1840; x_wconf 83' lang='lat' dir='ltr'><strong>der</strong></span> <span class='ocrx_word' id='word_1_175' title='bbox 395 1792 693 1853; x_wconf 81' lang='lat' dir='ltr'><strong>menschlichen</strong></span> <span class='ocrx_word' id='word_1_176' title='bbox 718 1799 978 1856; x_wconf 58' lang='lat' dir='ltr'><strong>Proper-tion</strong></span> <span class='ocrx_word' id='word_1_177' title='bbox 1012 1796 1057 1841; x_wconf 94' lang='lat' dir='ltr'>N</span> <span class='ocrx_word' id='word_1_178' title='bbox 1064 1795 1265 1855; x_wconf 80' lang='lat' dir='ltr'><strong>urnberg</strong></span> <span class='ocrx_word' id='word_1_179' title='bbox 1286 1801 1424 1853; x_wconf 86' lang='lat'><strong>1746.</strong></span> <span class='ocrx_word' id='word_1_180' title='bbox 1455 1793 1564 1841; x_wconf 68' lang='lat' dir='ltr'><strong>fot*</strong></span> <span class='ocrx_word' id='word_1_181' title='bbox 1601 1795 1816 1842; x_wconf 86' lang='lat' dir='ltr'><strong>Eamdem</strong></span> <span class='ocrx_word' id='word_1_182' title='bbox 1841 1800 2183 1857; x_wconf 85' lang='lat' dir='ltr'><strong>proportionem</strong></span> <span class='ocrx_word' id='word_1_183' title='bbox 2207 1802 2280 1847; x_wconf 90' lang='lat' dir='ltr'><strong>in-</strong></span> 
     </span>
     <span class='ocr_line' id='line_1_23' title="bbox 210 1857 2276 1922; baseline 0.001 -17"><span class='ocrx_word' id='word_1_184' title='bbox 210 1872 279 1905; x_wconf 87' lang='lat' dir='ltr'><strong>ter</strong></span> <span class='ocrx_word' id='word_1_185' title='bbox 306 1870 451 1919; x_wconf 89' lang='lat' dir='ltr'><strong>partes</strong></span> <span class='ocrx_word' id='word_1_186' title='bbox 481 1860 681 1918; x_wconf 88' lang='lat' dir='ltr'><strong>corporis</strong></span> <span class='ocrx_word' id='word_1_187' title='bbox 714 1858 905 1905; x_wconf 85' lang='lat' dir='ltr'><strong>humani</strong></span> <span class='ocrx_word' id='word_1_188' title='bbox 923 1875 1135 1922; x_wconf 82' lang='lat' dir='ltr'><strong>regnare,</strong></span> <span class='ocrx_word' id='word_1_189' title='bbox 1172 1857 1262 1905; x_wconf 86' lang='lat' dir='ltr'><strong>five</strong></span> <span class='ocrx_word' id='word_1_190' title='bbox 1286 1875 1524 1918; x_wconf 87' lang='lat' dir='ltr'><strong>procerum</strong></span> <span class='ocrx_word' id='word_1_191' title='bbox 1553 1857 1605 1905; x_wconf 81' lang='lat' dir='ltr'><strong>sit</strong></span> <span class='ocrx_word' id='word_1_192' title='bbox 1627 1876 1791 1921; x_wconf 87' lang='lat' dir='ltr'><strong>corpus</strong></span> <span class='ocrx_word' id='word_1_193' title='bbox 1819 1859 1907 1907; x_wconf 82' lang='lat' dir='ltr'><strong>five</strong></span> <span class='ocrx_word' id='word_1_194' title='bbox 1929 1862 2118 1917; x_wconf 83' lang='lat' dir='ltr'><strong>humile,</strong></span> <span class='ocrx_word' id='word_1_195' title='bbox 2150 1866 2191 1912; x_wconf 83' lang='lat'>&amp;</span> <span class='ocrx_word' id='word_1_196' title='bbox 2213 1864 2276 1911; x_wconf 79' lang='lat' dir='ltr'><strong>fa..</strong></span> 
     </span>
     <span class='ocr_line' id='line_1_24' title="bbox 210 1921 1629 1984; baseline 0 -14"><span class='ocrx_word' id='word_1_197' title='bbox 210 1923 293 1970; x_wconf 86' lang='lat' dir='ltr'><strong>cile</strong></span> <span class='ocrx_word' id='word_1_198' title='bbox 320 1921 548 1970; x_wconf 86' lang='lat' dir='ltr'><strong>herculem</strong></span> <span class='ocrx_word' id='word_1_199' title='bbox 572 1923 620 1968; x_wconf 89' lang='lat' dir='ltr'><strong>in</strong></span> <span class='ocrx_word' id='word_1_200' title='bbox 653 1924 930 1969; x_wconf 82' lang='lat' dir='ltr'><strong>mercurium</strong></span> <span class='ocrx_word' id='word_1_201' title='bbox 958 1922 1113 1984; x_wconf 83' lang='lat' dir='ltr'><strong>positis</strong></span> <span class='ocrx_word' id='word_1_202' title='bbox 1142 1924 1322 1969; x_wconf 88' lang='lat' dir='ltr'><strong>calculis</strong></span> <span class='ocrx_word' id='word_1_203' title='bbox 1350 1924 1519 1970; x_wconf 89' lang='lat' dir='ltr'><strong>mutari</strong></span> <span class='ocrx_word' id='word_1_204' title='bbox 1544 1925 1629 1970; x_wconf 85' lang='lat' dir='ltr'><strong>&amp;c.</strong></span> 
     </span>
    </p>
   </div>
   <div class='ocr_carea' id='block_1_10' title="bbox 208 2003 2277 2194">
    <p class='ocr_par' dir='ltr' id='par_1_13' title="bbox 208 2003 2277 2194">
     <span class='ocr_line' id='line_1_25' title="bbox 337 2003 2277 2069; baseline 0.004 -18"><span class='ocrx_word' id='word_1_205' title='bbox 337 2009 384 2060; x_wconf 88' lang='lat' dir='ltr'><strong>J.</strong></span> <span class='ocrx_word' id='word_1_206' title='bbox 408 2003 613 2066; x_wconf 79' lang='lat' dir='ltr'><strong>Christian</strong></span> <span class='ocrx_word' id='word_1_207' title='bbox 645 2005 818 2053; x_wconf 75' lang='lat' dir='ltr'><strong>Gerard</strong></span> <span class='ocrx_word' id='word_1_208' title='bbox 837 2006 1050 2053; x_wconf 78' lang='lat' dir='ltr'>KNOLLE</span> <span class='ocrx_word' id='word_1_209' title='bbox 1078 2004 1371 2068; x_wconf 77' lang='lat' dir='ltr'><strong>Ahlmndlung</strong></span> <span class='ocrx_word' id='word_1_210' title='bbox 1392 2022 1478 2052; x_wconf 80' lang='lat' dir='ltr'><strong>von</strong></span> <span class='ocrx_word' id='word_1_211' title='bbox 1499 2004 1576 2051; x_wconf 75' lang='lat' dir='ltr'><strong>der</strong></span> <span class='ocrx_word' id='word_1_212' title='bbox 1607 2004 1852 2069; x_wconf 58' lang='lat' dir='ltr'><strong>Vei-dikung</strong></span> <span class='ocrx_word' id='word_1_213' title='bbox 1876 2006 1948 2054; x_wconf 81' lang='lat' dir='ltr'><em>des</em></span> <span class='ocrx_word' id='word_1_214' title='bbox 1965 2008 2109 2055; x_wconf 80' lang='lat' dir='ltr'><strong>Blutes</strong></span> <span class='ocrx_word' id='word_1_215' title='bbox 2131 2014 2175 2058; x_wconf 80' lang='lat' dir='ltr'><strong>in</strong></span> <span class='ocrx_word' id='word_1_216' title='bbox 2199 2010 2277 2058; x_wconf 74' lang='lat' dir='ltr'><strong>der</strong></span> 
     </span>
     <span class='ocr_line' id='line_1_26' title="bbox 209 2068 2276 2137; baseline 0.001 -22"><span class='ocrx_word' id='word_1_217' title='bbox 209 2072 354 2131; x_wconf 74' lang='lat' dir='ltr'><em>Lange</em></span> <span class='ocrx_word' id='word_1_218' title='bbox 387 2071 516 2116; x_wconf 81' lang='lat' dir='ltr'><strong>Halle</strong></span> <span class='ocrx_word' id='word_1_219' title='bbox 540 2077 671 2127; x_wconf 77' lang='lat'><strong>1746.</strong></span> <span class='ocrx_word' id='word_1_220' title='bbox 694 2069 778 2129; x_wconf 76' lang='lat'><strong>4*</strong></span> <span class='ocrx_word' id='word_1_221' title='bbox 816 2072 1317 2117; x_wconf 73' lang='lat' dir='ltr'><strong>HAMBERGERIANUS.</strong></span> <span class='ocrx_word' id='word_1_222' title='bbox 1354 2068 1637 2117; x_wconf 83' lang='lat' dir='ltr'><strong>Arteriosum</strong></span> <span class='ocrx_word' id='word_1_223' title='bbox 1656 2069 1922 2132; x_wconf 84' lang='lat' dir='ltr'><strong>sanguinem</strong></span> <span class='ocrx_word' id='word_1_224' title='bbox 1942 2075 2065 2121; x_wconf 78' lang='lat' dir='ltr'><strong>canis</strong></span> <span class='ocrx_word' id='word_1_225' title='bbox 2092 2072 2134 2120; x_wconf 83' lang='lat' dir='ltr'><strong>se</strong></span> <span class='ocrx_word' id='word_1_226' title='bbox 2161 2092 2276 2137; x_wconf 88' lang='lat' dir='ltr'><strong>pon..</strong></span> 
     </span>
     <span class='ocr_line' id='line_1_27' title="bbox 208 2132 925 2194; baseline 0 -14"><span class='ocrx_word' id='word_1_227' title='bbox 208 2132 478 2181; x_wconf 82' lang='lat' dir='ltr'><strong>derofiorem</strong></span> <span class='ocrx_word' id='word_1_228' title='bbox 509 2133 709 2194; x_wconf 80' lang='lat' dir='ltr'><strong>reperiffe</strong></span> <span class='ocrx_word' id='word_1_229' title='bbox 740 2132 925 2181; x_wconf 88' lang='lat' dir='ltr'><strong>venoso.</strong></span> 
     </span>
    </p>
   </div>
   <div class='ocr_carea' id='block_1_11' title="bbox 206 2214 2276 2679">
    <p class='ocr_par' dir='ltr' id='par_1_14' title="bbox 206 2214 2276 2469">
     <span class='ocr_line' id='line_1_28' title="bbox 337 2214 2276 2280; baseline 0.004 -19"><span class='ocrx_word' id='word_1_230' title='bbox 337 2216 372 2261; x_wconf 85' lang='lat' dir='ltr'>E</span> <span class='ocrx_word' id='word_1_231' title='bbox 375 2230 411 2276; x_wconf 84' lang='lat' dir='ltr'><strong>J.</strong></span> <span class='ocrx_word' id='word_1_232' title='bbox 452 2220 534 2262; x_wconf 85' lang='lat' dir='ltr'><strong>Die</strong></span> <span class='ocrx_word' id='word_1_233' title='bbox 553 2214 835 2277; x_wconf 60' lang='lat' dir='ltr'><strong>Wiirkngen</strong></span> <span class='ocrx_word' id='word_1_234' title='bbox 861 2215 939 2262; x_wconf 85' lang='lat' dir='ltr'><strong>der</strong></span> <span class='ocrx_word' id='word_1_235' title='bbox 955 2215 1062 2278; x_wconf 78' lang='lat' dir='ltr'><strong>Luft</strong></span> <span class='ocrx_word' id='word_1_236' title='bbox 1089 2221 1133 2262; x_wconf 81' lang='lat' dir='ltr'><strong>in</strong></span> <span class='ocrx_word' id='word_1_237' title='bbox 1154 2215 1233 2262; x_wconf 80' lang='lat' dir='ltr'><em>den</em></span> <span class='ocrx_word' id='word_1_238' title='bbox 1254 2214 1552 2274; x_wconf 77' lang='lat' dir='ltr'><strong>menschlichen</strong></span> <span class='ocrx_word' id='word_1_239' title='bbox 1577 2220 1740 2279; x_wconf 66' lang='lat' dir='ltr'><strong>Keirper</strong></span> <span class='ocrx_word' id='word_1_240' title='bbox 1770 2218 2024 2274; x_wconf 79' lang='lat' dir='ltr'><strong>Qedlinb.</strong></span> <span class='ocrx_word' id='word_1_241' title='bbox 2046 2232 2178 2278; x_wconf 79' lang='lat'><strong>1752.</strong></span> <span class='ocrx_word' id='word_1_242' title='bbox 2198 2222 2276 2280; x_wconf 66' lang='grc'><strong>4.*</strong></span> 
     </span>
     <span class='ocr_line' id='line_1_29' title="bbox 206 2277 2274 2342; baseline 0.003 -17"><span class='ocrx_word' id='word_1_243' title='bbox 206 2280 293 2326; x_wconf 87' lang='lat' dir='ltr'><strong>Pro</strong></span> <span class='ocrx_word' id='word_1_244' title='bbox 319 2277 553 2340; x_wconf 77' lang='lat' dir='ltr'><strong>sanguinis</strong></span> <span class='ocrx_word' id='word_1_245' title='bbox 578 2282 624 2327; x_wconf 86' lang='lat' dir='ltr'><strong>in</strong></span> <span class='ocrx_word' id='word_1_246' title='bbox 655 2282 871 2339; x_wconf 85' lang='lat' dir='ltr'><strong>pulmone</strong></span> <span class='ocrx_word' id='word_1_247' title='bbox 900 2279 1136 2342; x_wconf 77' lang='lat' dir='ltr'><strong>refrigerio</strong></span> <span class='ocrx_word' id='word_1_248' title='bbox 1164 2283 1205 2327; x_wconf 87' lang='lat'>&amp;</span> <span class='ocrx_word' id='word_1_249' title='bbox 1228 2279 1598 2327; x_wconf 80' lang='lat' dir='ltr'><strong>condensatione.</strong></span> <span class='ocrx_word' id='word_1_250' title='bbox 1668 2283 1738 2327; x_wconf 91' lang='lat' dir='ltr'><em>De</em></span> <span class='ocrx_word' id='word_1_251' title='bbox 1771 2285 1931 2330; x_wconf 85' lang='lat' dir='ltr'><strong>caloris</strong></span> <span class='ocrx_word' id='word_1_252' title='bbox 1954 2295 2058 2330; x_wconf 82' lang='lat' dir='ltr'><strong>ortu</strong></span> <span class='ocrx_word' id='word_1_253' title='bbox 2087 2302 2141 2331; x_wconf 80' lang='lat' dir='ltr'><em>ex</em></span> <span class='ocrx_word' id='word_1_254' title='bbox 2171 2284 2274 2333; x_wconf 82' lang='lat' dir='ltr'><strong>sali-</strong></span> 
     </span>
     <span class='ocr_line' id='line_1_30' title="bbox 208 2343 2273 2412; baseline 0.003 -23"><span class='ocrx_word' id='word_1_255' title='bbox 208 2344 293 2390; x_wconf 88' lang='lat' dir='ltr'><strong>bus</strong></span> <span class='ocrx_word' id='word_1_256' title='bbox 331 2345 555 2398; x_wconf 86' lang='lat' dir='ltr'><strong>alcalinis.,</strong></span> <span class='ocrx_word' id='word_1_257' title='bbox 595 2344 730 2391; x_wconf 63' lang='lat' dir='ltr'><strong>frietu</strong></span> <span class='ocrx_word' id='word_1_258' title='bbox 767 2344 1058 2406; x_wconf 87' lang='lat' dir='ltr'><strong>globulorum</strong></span> <span class='ocrx_word' id='word_1_259' title='bbox 1097 2347 1180 2392; x_wconf 86' lang='lat' dir='ltr'><strong>&amp;c.</strong></span> <span class='ocrx_word' id='word_1_260' title='bbox 1249 2346 1320 2391; x_wconf 89' lang='lat' dir='ltr'><em>De</em></span> <span class='ocrx_word' id='word_1_261' title='bbox 1351 2343 1512 2391; x_wconf 83' lang='lat' dir='ltr'><strong>diversi</strong></span> <span class='ocrx_word' id='word_1_262' title='bbox 1540 2346 1754 2406; x_wconf 85' lang='lat' dir='ltr'><strong>ponderis</strong></span> <span class='ocrx_word' id='word_1_263' title='bbox 1792 2344 1987 2407; x_wconf 79' lang='lat' dir='ltr'><strong>specifici</strong></span> <span class='ocrx_word' id='word_1_264' title='bbox 2011 2348 2061 2395; x_wconf 86' lang='lat' dir='ltr'><strong>in</strong></span> <span class='ocrx_word' id='word_1_265' title='bbox 2095 2347 2273 2412; x_wconf 80' lang='lat' dir='ltr'><strong>sangui-</strong></span> 
     </span>
     <span class='ocr_line' id='line_1_31' title="bbox 207 2408 534 2469; baseline 0.003 -15"><span class='ocrx_word' id='word_1_266' title='bbox 207 2423 264 2454; x_wconf 87' lang='lat' dir='ltr'><strong>ne</strong></span> <span class='ocrx_word' id='word_1_267' title='bbox 287 2408 534 2469; x_wconf 84' lang='lat' dir='ltr'><strong>particulis.</strong></span> 
     </span>
    </p>

    <p class='ocr_par' dir='ltr' id='par_1_15' title="bbox 207 2488 2271 2679">
     <span class='ocr_line' id='line_1_32' title="bbox 338 2488 2271 2553; baseline 0.003 -17"><span class='ocrx_word' id='word_1_268' title='bbox 338 2491 412 2550; x_wconf 86' lang='lat' dir='ltr'><strong>EJ.</strong></span> <span class='ocrx_word' id='word_1_269' title='bbox 456 2488 704 2550; x_wconf 77' lang='lat' dir='ltr'><strong>Vermischte</strong></span> <span class='ocrx_word' id='word_1_270' title='bbox 722 2490 1052 2553; x_wconf 80' lang='lat' dir='ltr'><strong>Anmerkzmgen</strong></span> <span class='ocrx_word' id='word_1_271' title='bbox 1079 2508 1155 2538; x_wconf 78' lang='lat' dir='ltr'><strong>aus</strong></span> <span class='ocrx_word' id='word_1_272' title='bbox 1180 2490 1256 2537; x_wconf 80' lang='lat' dir='ltr'><strong>der</strong></span> <span class='ocrx_word' id='word_1_273' title='bbox 1278 2489 1713 2553; x_wconf 74' lang='lat' dir='ltr'><strong>Arzneygelahrtheit</strong></span> <span class='ocrx_word' id='word_1_274' title='bbox 1744 2492 2022 2541; x_wconf 83' lang='lat' dir='ltr'><strong>Halberstatt</strong></span> <span class='ocrx_word' id='word_1_275' title='bbox 2041 2501 2172 2552; x_wconf 67' lang='lat'><strong>1755.</strong></span> <span class='ocrx_word' id='word_1_276' title='bbox 2192 2491 2271 2548; x_wconf 72' lang='lat'><strong>8.*</strong></span> 
     </span>
     <span class='ocr_line' id='line_1_33' title="bbox 207 2552 2271 2619; baseline 0.003 -19"><span class='ocrx_word' id='word_1_277' title='bbox 207 2552 372 2601; x_wconf 81' lang='lat' dir='ltr'><strong>recusae</strong></span> <span class='ocrx_word' id='word_1_278' title='bbox 413 2571 518 2601; x_wconf 87' lang='lat' dir='ltr'><strong>eum</strong></span> <span class='ocrx_word' id='word_1_279' title='bbox 545 2555 681 2600; x_wconf 89' lang='lat' dir='ltr'><strong>titulo</strong></span> <span class='ocrx_word' id='word_1_280' title='bbox 697 2556 813 2615; x_wconf 70' lang='lat' dir='ltr'><strong>seths</strong></span> <span class='ocrx_word' id='word_1_281' title='bbox 838 2556 930 2602; x_wconf 84' lang='lat' dir='ltr'><strong>und</strong></span> <span class='ocrx_word' id='word_1_282' title='bbox 963 2560 1165 2619; x_wconf 72' lang='lat' dir='ltr'><strong>zwanzig</strong></span> <span class='ocrx_word' id='word_1_283' title='bbox 1195 2555 1486 2616; x_wconf 75' lang='lat' dir='ltr'><strong>medicinifthe</strong></span> <span class='ocrx_word' id='word_1_284' title='bbox 1512 2556 1884 2619; x_wconf 76' lang='lat' dir='ltr'><strong>Ausarbeitungen</strong></span> <span class='ocrx_word' id='word_1_285' title='bbox 1932 2559 1991 2605; x_wconf 88' lang='lat' dir='ltr'><strong>ib.</strong></span> <span class='ocrx_word' id='word_1_286' title='bbox 2022 2564 2153 2616; x_wconf 70' lang='grc'><strong>1761.</strong></span> <span class='ocrx_word' id='word_1_287' title='bbox 2191 2557 2271 2613; x_wconf 62' lang='grc'><strong>8.*</strong></span> 
     </span>
     <span class='ocr_line' id='line_1_34' title="bbox 207 2617 860 2679; baseline 0.002 -14"><span class='ocrx_word' id='word_1_288' title='bbox 207 2619 396 2666; x_wconf 73' lang='grc' dir='ltr'><strong>Ρ1ῑ1ἑὶ1ς1</strong></span> <span class='ocrx_word' id='word_1_289' title='bbox 427 2617 518 2664; x_wconf 90' lang='lat' dir='ltr'><strong>fere</strong></span> <span class='ocrx_word' id='word_1_290' title='bbox 541 2619 716 2679; x_wconf 77' lang='lat' dir='ltr'><strong>generis</strong></span> <span class='ocrx_word' id='word_1_291' title='bbox 740 2618 860 2666; x_wconf 87' lang='lat' dir='ltr'><strong>sunt.</strong></span> 
     </span>
    </p>
   </div>
   <div class='ocr_carea' id='block_1_12' title="bbox 208 2698 2274 3136">
    <p class='ocr_par' dir='ltr' id='par_1_16' title="bbox 208 2698 2274 3077">
     <span class='ocr_line' id='line_1_35' title="bbox 334 2698 2268 2765; baseline 0.003 -19"><span class='ocrx_word' id='word_1_292' title='bbox 334 2698 445 2763; x_wconf 77' lang='lat' dir='ltr'><em>Effin&#39;</em></span> <span class='ocrx_word' id='word_1_293' title='bbox 458 2701 538 2761; x_wconf 64' lang='lat' dir='ltr'><strong>fiir</strong></span> <span class='ocrx_word' id='word_1_294' title='bbox 555 2702 598 2747; x_wconf 81' lang='lat' dir='ltr'><strong>la</strong></span> <span class='ocrx_word' id='word_1_295' title='bbox 615 2701 876 2762; x_wconf 79' lang='lat' dir='ltr'><strong>probabilite&#39;</strong></span> <span class='ocrx_word' id='word_1_296' title='bbox 888 2701 937 2748; x_wconf 84' lang='lat' dir='ltr'><em>de</em></span> <span class='ocrx_word' id='word_1_297' title='bbox 961 2703 1007 2748; x_wconf 78' lang='lat' dir='ltr'><strong>la</strong></span> <span class='ocrx_word' id='word_1_298' title='bbox 1022 2701 1150 2748; x_wconf 64' lang='lat' dir='ltr'><strong>duree</strong></span> <span class='ocrx_word' id='word_1_299' title='bbox 1164 2700 1214 2748; x_wconf 83' lang='lat' dir='ltr'><em>de</em></span> <span class='ocrx_word' id='word_1_300' title='bbox 1234 2702 1277 2749; x_wconf 83' lang='lat' dir='ltr'><strong>la</strong></span> <span class='ocrx_word' id='word_1_301' title='bbox 1292 2706 1359 2749; x_wconf 83' lang='lat' dir='ltr'><strong>vie</strong></span> <span class='ocrx_word' id='word_1_302' title='bbox 1373 2699 1570 2749; x_wconf 77' lang='lat' dir='ltr'><strong>lmmaine</strong></span> <span class='ocrx_word' id='word_1_303' title='bbox 1608 2705 1722 2765; x_wconf 78' lang='lat' dir='ltr'><strong>&lt;par</strong></span> <span class='ocrx_word' id='word_1_304' title='bbox 1736 2705 1962 2752; x_wconf 79' lang='lat' dir='ltr'><strong>DEPARCI</strong></span> <span class='ocrx_word' id='word_1_305' title='bbox 1973 2718 2071 2751; x_wconf 75' lang='lat' dir='ltr'><strong>EUX</strong></span> <span class='ocrx_word' id='word_1_306' title='bbox 2087 2703 2108 2757; x_wconf 91' lang='lat'><em>)</em></span> <span class='ocrx_word' id='word_1_307' title='bbox 2145 2703 2268 2752; x_wconf 77' lang='lat' dir='ltr'><strong>Paris</strong></span> 
     </span>
     <span class='ocr_line' id='line_1_36' title="bbox 214 2765 2271 2829; baseline 0.001 -21"><span class='ocrx_word' id='word_1_308' title='bbox 214 2770 348 2823; x_wconf 86' lang='lat'><strong>1746.</strong></span> <span class='ocrx_word' id='word_1_309' title='bbox 371 2765 451 2824; x_wconf 73' lang='lat'><strong>4*</strong></span> <span class='ocrx_word' id='word_1_310' title='bbox 505 2765 861 2814; x_wconf 80' lang='lat' dir='ltr'><strong>Mathematicus</strong></span> <span class='ocrx_word' id='word_1_311' title='bbox 883 2769 922 2814; x_wconf 86' lang='lat'>&amp;</span> <span class='ocrx_word' id='word_1_312' title='bbox 938 2765 1248 2813; x_wconf 87' lang='lat' dir='ltr'><strong>Mechanicus.</strong></span> <span class='ocrx_word' id='word_1_313' title='bbox 1319 2768 1471 2814; x_wconf 80' lang='lat' dir='ltr'><strong>Multa</strong></span> <span class='ocrx_word' id='word_1_314' title='bbox 1483 2765 1589 2814; x_wconf 90' lang='lat' dir='ltr'><strong>sunt</strong></span> <span class='ocrx_word' id='word_1_315' title='bbox 1602 2769 1786 2814; x_wconf 83' lang='lat' dir='ltr'><strong>alterius</strong></span> <span class='ocrx_word' id='word_1_316' title='bbox 1806 2766 1955 2827; x_wconf 87' lang='lat' dir='ltr'><strong>scopi:</strong></span> <span class='ocrx_word' id='word_1_317' title='bbox 1992 2769 2047 2813; x_wconf 85' lang='lat' dir='ltr'><strong>ad</strong></span> <span class='ocrx_word' id='word_1_318' title='bbox 2068 2785 2151 2815; x_wconf 86' lang='lat' dir='ltr'><strong>nos</strong></span> <span class='ocrx_word' id='word_1_319' title='bbox 2172 2785 2271 2829; x_wconf 88' lang='lat' dir='ltr'><strong>per..</strong></span> 
     </span>
     <span class='ocr_line' id='line_1_37' title="bbox 208 2828 2274 2891; baseline 0.003 -19"><span class='ocrx_word' id='word_1_320' title='bbox 208 2828 358 2874; x_wconf 87' lang='lat' dir='ltr'><strong>tinent</strong></span> <span class='ocrx_word' id='word_1_321' title='bbox 370 2828 468 2875; x_wconf 80' lang='lat' dir='ltr'><strong>fasti</strong></span> <span class='ocrx_word' id='word_1_322' title='bbox 483 2831 756 2877; x_wconf 86' lang='lat' dir='ltr'><strong>emortuales</strong></span> <span class='ocrx_word' id='word_1_323' title='bbox 780 2830 1126 2877; x_wconf 89' lang='lat' dir='ltr'><strong>monachorum.</strong></span> <span class='ocrx_word' id='word_1_324' title='bbox 1196 2831 1372 2878; x_wconf 87' lang='lat' dir='ltr'><strong>Verum</strong></span> <span class='ocrx_word' id='word_1_325' title='bbox 1397 2832 1602 2878; x_wconf 87' lang='lat' dir='ltr'><strong>multain</strong></span> <span class='ocrx_word' id='word_1_326' title='bbox 1626 2832 1798 2891; x_wconf 80' lang='lat' dir='ltr'><strong>magnis</strong></span> <span class='ocrx_word' id='word_1_327' title='bbox 1817 2832 2005 2879; x_wconf 86' lang='lat' dir='ltr'><strong>urbibus</strong></span> <span class='ocrx_word' id='word_1_328' title='bbox 2027 2833 2179 2880; x_wconf 88' lang='lat' dir='ltr'><strong>locum</strong></span> <span class='ocrx_word' id='word_1_329' title='bbox 2196 2831 2274 2879; x_wconf 85' lang='lat' dir='ltr'><strong>ha-</strong></span> 
     </span>
     <span class='ocr_line' id='line_1_38' title="bbox 209 2888 2270 2959; baseline 0.005 -25"><span class='ocrx_word' id='word_1_330' title='bbox 209 2888 321 2959; x_wconf 78' lang='lat' dir='ltr'><strong>bent</strong></span> <span class='ocrx_word' id='word_1_331' title='bbox 337 2925 349 2944; x_wconf 91' lang='lat'>,</span> <span class='ocrx_word' id='word_1_332' title='bbox 386 2909 486 2952; x_wconf 79' lang='lat' dir='ltr'><strong>quae</strong></span> <span class='ocrx_word' id='word_1_333' title='bbox 504 2910 598 2940; x_wconf 86' lang='lat' dir='ltr'><strong>non</strong></span> <span class='ocrx_word' id='word_1_334' title='bbox 614 2892 747 2955; x_wconf 85' lang='lat' dir='ltr'><strong>poffis</strong></span> <span class='ocrx_word' id='word_1_335' title='bbox 763 2895 816 2941; x_wconf 84' lang='lat' dir='ltr'><strong>ad</strong></span> <span class='ocrx_word' id='word_1_336' title='bbox 830 2893 1093 2942; x_wconf 86' lang='lat' dir='ltr'><strong>universum</strong></span> <span class='ocrx_word' id='word_1_337' title='bbox 1108 2910 1250 2955; x_wconf 77' lang='lat' dir='ltr'><strong>genus</strong></span> <span class='ocrx_word' id='word_1_338' title='bbox 1264 2894 1519 2942; x_wconf 86' lang='lat' dir='ltr'><strong>humanum</strong></span> <span class='ocrx_word' id='word_1_339' title='bbox 1534 2893 1789 2941; x_wconf 82' lang='lat' dir='ltr'><strong>transferre.</strong></span> <span class='ocrx_word' id='word_1_340' title='bbox 1872 2896 1940 2942; x_wconf 88' lang='lat' dir='ltr'><strong>Ita</strong></span> <span class='ocrx_word' id='word_1_341' title='bbox 1952 2898 2084 2956; x_wconf 87' lang='lat' dir='ltr'><strong>pauci</strong></span> <span class='ocrx_word' id='word_1_342' title='bbox 2096 2895 2270 2944; x_wconf 76' lang='lat' dir='ltr'><strong>Parisiis</strong></span> 
     </span>
     <span class='ocr_line' id='line_1_39' title="bbox 208 2950 2268 3020; baseline 0.005 -24"><span class='ocrx_word' id='word_1_343' title='bbox 208 2950 402 3001; x_wconf 80' lang='lat' dir='ltr'><strong>infantes</strong></span> <span class='ocrx_word' id='word_1_344' title='bbox 428 2959 690 3005; x_wconf 86' lang='lat' dir='ltr'><strong>moriuntur</strong></span> <span class='ocrx_word' id='word_1_345' title='bbox 708 2994 719 3012; x_wconf 87' lang='lat'>‚</span> <span class='ocrx_word' id='word_1_346' title='bbox 757 2960 864 3019; x_wconf 87' lang='lat' dir='ltr'><strong>quia</strong></span> <span class='ocrx_word' id='word_1_347' title='bbox 885 2959 1102 3020; x_wconf 88' lang='lat' dir='ltr'><strong>permulti</strong></span> <span class='ocrx_word' id='word_1_348' title='bbox 1125 2960 1266 3006; x_wconf 77' lang='lat' dir='ltr'><strong>exteri</strong></span> <span class='ocrx_word' id='word_1_349' title='bbox 1294 2960 1549 3005; x_wconf 87' lang='lat' dir='ltr'><strong>adveniunt</strong></span> <span class='ocrx_word' id='word_1_350' title='bbox 1573 2958 1730 3010; x_wconf 82' lang='lat' dir='ltr'><strong>adulti,</strong></span> <span class='ocrx_word' id='word_1_351' title='bbox 1760 2955 1955 3007; x_wconf 80' lang='lat' dir='ltr'><strong>infantes</strong></span> <span class='ocrx_word' id='word_1_352' title='bbox 1981 2977 2089 3007; x_wconf 78' lang='lat' dir='ltr'><strong>vero</strong></span> <span class='ocrx_word' id='word_1_353' title='bbox 2117 2962 2164 3006; x_wconf 87' lang='lat' dir='ltr'><strong>in</strong></span> <span class='ocrx_word' id='word_1_354' title='bbox 2191 2977 2268 3007; x_wconf 88' lang='lat' dir='ltr'><strong>rus</strong></span> 
     </span>
     <span class='ocr_line' id='line_1_40' title="bbox 212 3019 2268 3077; baseline 0.005 -17"><span class='ocrx_word' id='word_1_355' title='bbox 212 3027 605 3077; x_wconf 78' lang='lat' dir='ltr'><strong>transportantur,</strong></span> <span class='ocrx_word' id='word_1_356' title='bbox 642 3023 705 3070; x_wconf 88' lang='lat' dir='ltr'><strong>ibi</strong></span> <span class='ocrx_word' id='word_1_357' title='bbox 739 3024 964 3071; x_wconf 86' lang='lat' dir='ltr'><strong>morituri.</strong></span> <span class='ocrx_word' id='word_1_358' title='bbox 1031 3025 1142 3072; x_wconf 86' lang='lat' dir='ltr'><strong>Vita</strong></span> <span class='ocrx_word' id='word_1_359' title='bbox 1175 3023 1325 3071; x_wconf 82' lang='lat' dir='ltr'><strong>media</strong></span> <span class='ocrx_word' id='word_1_360' title='bbox 1358 3021 1589 3072; x_wconf 85' lang='lat' dir='ltr'><strong>infantum</strong></span> <span class='ocrx_word' id='word_1_361' title='bbox 1612 3019 1788 3069; x_wconf 75' lang='lat' dir='ltr'><strong>Parisiis</strong></span> <span class='ocrx_word' id='word_1_362' title='bbox 1825 3022 1885 3069; x_wconf 85' lang='lat' dir='ltr'><strong>est</strong></span> <span class='ocrx_word' id='word_1_363' title='bbox 1910 3025 1985 3072; x_wconf 74' lang='lat'><strong>21.</strong></span> <span class='ocrx_word' id='word_1_364' title='bbox 2016 3041 2268 3077; x_wconf 74' lang='lat' dir='ltr'><strong>annorum,</strong></span> 
     </span>
    </p>

    <p class='ocr_par' dir='ltr' id='par_1_17' title="bbox 2124 3091 2271 3136">
     <span class='ocr_line' id='line_1_41' title="bbox 2124 3091 2271 3136; baseline 0 -2"><span class='ocrx_word' id='word_1_365' title='bbox 2124 3091 2271 3136; x_wconf 75' lang='lat' dir='ltr'><strong>multo</strong></span> 
     </span>
    </p>
   </div>
  </div>
 </body>
</html>
