2531 3394
780 104 828 164 ς.
863 77 999 169 1040.
1040 120 1176 169 1041..
1212 107 1297 156 tc,
1330 108 1662 175 BONNJET.
2154 127 2244 178 ες,

198 234 462 286 universum
486 234 672 298 aphides
709 235 899 286 feminas
926 239 1006 285 alis
1041 237 1248 290 destitui,
1299 253 1442 285 mares
1474 239 1564 285 alas
1593 237 1770 288 habere.
1840 245 1925 290 Sed
1954 245 2049 305 {alia
2088 259 2243 294 tamen

197 298 417 361 aphidum
429 317 591 363 genera
606 313 704 349 tota
723 300 822 348 fieri
835 300 1031 355 feminis,
1054 299 1218 361 absque
1230 299 1482 362 suspicione
1496 303 1630 349 maris
1655 302 1860 353 fecundis
1873 310 1953 354 810.
1990 310 2178 358 Vermes
2193 313 2246 358 il-

194 365 263 412 103
275 365 410 411 etiam
423 381 478 411 ex
495 365 664 426 quartis
676 366 895 425 partibus,
911 367 953 412 &
966 367 1415 425 quartarum‘quartis
1428 364 1497 412 sui
1514 368 1761 427 particulis,
1775 370 1824 415 in
1839 372 2002 418 animal
2016 374 2244 434 integrum

197 426 522 476 convalescere.
587 428 709 476 Poffe
731 442 834 489 apta
857 427 1052 475 sedtione
1077 427 1284 488 bicipites
1315 429 1456 475 reddi.
1527 432 1582 477 In
1615 443 1811 494 utroque
1843 432 1934 480 fine
1961 437 2245 486 voluntatem

195 489 293 539 effe.
362 493 511 540 Etiam
536 494 696 540 novies
722 491 891 539 resee‘to
909 492 1053 552 capite
1073 491 1298 539 decimum
1318 494 1527 554 pertinax
1554 495 1711 543 redire.
1780 497 1848 544 Ab
1875 496 2125 545 exsectione
2149 518 2243 548 non

195 556 376 606 turbari
398 569 578 604 motum
602 555 834 616 sanguinis
858 556 908 601 in
932 556 1098 602 arteria
1130 572 1319 617 magna,
1360 574 1436 617 per
1462 575 1595 618 quam
1618 557 1801 621 sanguis
1824 579 1847 607 a
1868 562 2008 609 cauda
2034 562 2088 608 ad
2111 579 2242 622 caput

191 617 354 667 fertur.
444 621 615 682 Sponte
649 621 786 667 etiam
817 635 991 666 vermes
1028 620 1077 666 in
1116 632 1264 680 partes
1304 620 1470 674 dilabi,
1519 637 1620 682 quae
1648 624 1696 669 in
1727 626 1937 671 animalia
1965 622 2243 686 reparentur.

193 684 267 731 De
295 696 453 732 catena
484 685 690 736 entium,
745 684 865 729 inter
902 699 1002 743 quae
1038 685 1199 743 plantae
1226 700 1351 731 nunc
1390 702 1493 732 cum
1528 687 1802 736 animalibus
1838 704 2072 744 accurate,
2116 692 2245 737 nullo

196 747 354 795 omiffo
382 749 522 795 anulo
550 749 905 794 connectuntur.
974 748 1176 794 Pulchrae
1203 747 1275 795 hic
1297 749 1451 796 icones
1479 750 1656 798 additae.

322 829 590 876 Germanice
614 840 820 875 vertente
847 827 942 876 Chr.
978 832 1028 876 G.
1051 831 1218 876 SCHUZ
1256 832 1400 876 Brem.
1428 843 1559 889 1770.
1584 831 1615 860 ’¹’
1654 845 1789 890 1771.
1812 839 1854 888 8.
1893 834 2056 882 additis
2085 823 2245 891 (fariis,

193 893 519 942 CONDILLAcl
535 893 806 952 compendio
829 910 840 938 :
876 893 1062 953 judiciis
1084 894 1136 939 de
1158 895 1308 941 liberis
1322 892 1668 956 psychologicis,
1687 896 1778 943 diff.
1799 899 1852 944 de
1872 900 2044 947 viribus
2066 901 2244 948 animae.

321 975 395 1035 EJ.
428 971 542 1035 Effai
562 974 808 1035 analytique
822 974 904 1034 sur
922 974 977 1020 les
980 974 1168 1035 fizculte‘s
1191 975 1242 1021 de
1260 978 1383 1021 l'ame
1414 977 1756 1039 Coppenhague
1781 989 1915 1038 1760.
1936 981 2018 1040 4*
2050 990 2183 1040 1769.
2207 991 2249 1037 8.

193 1038 349 1087 2.Vol.
415 1039 742 1085 Meditationes
770 1040 837 1084 Cl.
859 1039 946 1085 viri
970 1055 1023 1084 ex
1048 1037 1306 1086 infortunio
1335 1054 1482 1093 natae,
1520 1042 1647 1101 quod
1677 1045 1833 1090 oculos
1862 1044 1967 1092 suos
1992 1047 2135 1093 nimio
2166 1049 2247 1093 mi-

195 1100 415 1163 crofcopii
443 1099 528 1148 usu
557 1100 836 1148 debilitasset.
906 1103 971 1149 Ut
992 1119 1047 1148 ex
1067 1101 1320 1151 sensatione
1341 1104 1544 1153 adtentio
1562 1107 1774 1155 voluntas
1798 1110 1842 1156 81
1866 1112 2082 1157 memoria
2101 1110 2249 1158 nasca-

193 1179 285 1214 tur.
352 1164 611 1212 Adsociatio
645 1182 778 1214 novae
802 1164 913 1211 ideae
944 1183 1047 1212 curn
1078 1168 1328 1215 vetustiori.
1400 1170 1642 1218 Memoriae
1670 1173 1769 1218 idea
1803 1173 2088 1229 mechanica,
2122 1175 2246 1222 fibrae

194 1246 357 1290 nempe
380 1231 430 1275 in
456 1229 669 1275 eumdem
691 1228 868 1275 sensum
899 1232 1089 1289 repetita
1115 1232 1273 1285 flexi0‚
1321 1235 1445 1280 unde
1472 1234 1524 1281 fit
1548 1247 1600 1281 ut
1627 1235 1741 1282 fibra
1769 1235 1944 1285 facilius
1970 1240 2018 1285 in
2051 1241 2248 1286 eundem

192 1291 370 1340 sensum
396 1292 630 1346 flectatur,
669 1309 803 1365 quam
839 1294 1070 1340 in-alium.
1154 1295 1451 1344 Personalitas
1484 1300 1655 1353 oritur,
1708 1302 1891 1361 quando
1916 1304 2066 1349 anima
2102 1305 2144 1350 &
2181 1302 2250 1350 sui

196 1359 239 1404 &
267 1356 567 1403 vetustiorum
591 1354 900 1403 senlationum
927 1356 1104 1404 conscia
1130 1359 1205 1406 est.
1277 1362 1339 1407 Ea
1366 1364 1507 1421 placet
1527 1361 1744 1418 sensatio⁹
1782 1381 1883 1425 quae
1909 1368 1958 1413 in
1977 1365 2089 1413 fibra
2115 1370 2248 1414 celer-

192 1421 332 1469 rimas
358 1417 658 1467 oscillationes
685 1418 846 1475 faciat,
884 1438 1031 1482 neque
1061 1435 1211 1469 tamen
1237 1426 1373 1472 nimis
1402 1425 1674 1486 frequentes.
1764 1432 1928 1477 Anima
1963 1432 2245 1481 voluntarie„

194 1498 344 1546 neque
371 1501 426 1531 ex
451 1483 689 1531 neceflario
714 1501 836 1532 nexu
858 1498 1035 1532 motum
1067 1488 1259 1542 excitat,
1297 1490 1376 1549 qui
1401 1488 1646 1537 sensationi
1671 1490 1912 1554 respondet
1936 1513 1946 1540 τ
1987 1496 2155 1542 excitat
2179 1512 2247 1541 ea-

197 1549 301 1595 dem
332 1548 644 1596 adtentionem
662 1583 674 1601 ‚
713 1539 823 1595 1111111
847 1548 965 1596 hanc
993 1548 1293 1599 sensationem
1316 1554 1529 1600 omnibus
1550 1555 1648 1601 aliis
1671 1555 1865 1617 praefert.
1935 1559 2166 1606 Voluntas
2188 1561 2248 1605 est

194 1611 477 1674 praeferentia
500 1625 622 1659 certo
649 1613 788 1659 modo
825 1612 989 1660 effendi
1020 1615 1075 1660 ab
1102 1616 1253 1663 anima
1277 1618 1390 1663 data.
1478 1620 1706 1672 Liberta83
1746 1620 2012 1670 desiderium
2033 1642 2046 1676 3
2092 1623 2243 1682 signa;

169 1693 380 1784 voces.l
414 1678 578 1737 Neque
609 1679 731 1722 enim
759 1688 960 1724 catenam
1000 1679 1069 1725 Cl.
1107 1679 1196 1727 viri
1232 1680 1461 1741 poffumus
1488 1681 1708 1744 persequi.
1777 1686 1977 1733 Germen
2006 1688 2247 1734 inmortale

194 1742 245 1788 111
267 1757 364 1788 cere
380 1757 451 1787 ›ro
480 1742 639 1788 latens.

320 1823 396 1884 EJ.
439 1819 564 1883 Izffztk
600 1820 937 1884 psychologiques
977 1827 1080 1870 tire's
1114 1824 1165 1871 de
1195 1823 1326 1886 l’effizi
1361 1827 1610 1888 analytique
1643 1828 1726 1887 sur
1751 1830 1808 1877 les
1830 1800 2019 1895 fiiculte's
2045 1832 2096 1879 de
2127 1809 2250 1880 l’cime

192 1887 346 1933 Berlin
370 1894 506 1944 1769.
529 1891 572 1940 8.
641 1887 978 1947 Compendium
1001 1889 1188 1948 prioris,
1228 1893 1268 1935 &
1300 1891 1536 1938 FORMEYI
1562 1909 1691 1953 opus.

323 1968 501 2028 EJUSD.
547 1966 878 2026 Confiderations
896 1968 978 2027 fur
998 1970 1055 2015 les
1079 1984 1200 2032 corps
1227 1973 1461 2033 ovgumse's,
1496 1975 1549 2019 oz>
1575 1975 1659 2020 l’on
1687 1979 1821 2022 truite
1851 1976 1901 2022 de
1933 1977 2027 2024 leur
2052 1983 2246 2042 origine,

193 2031 246 2080 tle
268 2032 364 2080 leur
390 2031 755 2093 developpement,
801 2032 853 2077 de
878 2034 972 2078 leur
999 2036 1294 2096 reproduffion
1347 2036 1618 2084 Arnsterdam
1645 2045 1779 2095 1762.
1811 2047 1851 2094 8.
1889 2042 2071 2089 2.Vol.*
2138 2046 2245 2091 Due

197 2113 333 2158 opera
357 2095 628 2155 conjuntba,
669 2097 804 2142 breve
827 2096 941 2143 illud
970 2099 1008 2144 8<
1033 2097 1379 2158 aphoristicum,
1426 2101 1635 2161 idemque
1670 2104 1928 2164 antiquius,
1964 2123 2055 2166 quo
2092 2111 2249 2155 audior

195 2161 508 2207 evolutionem
538 2157 754 2206 defendit.
823 2161 950 2206 Inter
970 2160 1293 2222 panspermiam
1326 2165 1367 2209 &
1395 2165 1728 2212 involutionem
1760 2168 1971 2228 ambigit,
2008 2186 2062 2216 ex
2082 2169 2247 2219 femina

193 2236 350 2271 tamen
384 2222 526 2270 fetum
560 2223 798 2283 provenire
834 2223 931 2284 post
961 2225 1111 2271 nostra
1145 2228 1452 2286 experimenta
1490 2246 1570 2290 pro
1603 2243 1726 2277 certo
1762 2232 1976 2279 admittit.
2047 2236 2249 2283 Germen

182 2288 389 2334 „animale
426 2303 530 2333 cum
559 2289 662 2333 laxo
692 2301 785 2333 rete
815 2301 1068 2348 comparat,
1119 2291 1166 2335 in
1188 2291 1337 2351 eujus
1374 2308 1495 2338 areas
1534 2291 1692 2340 succus
1728 2298 1945 2344 nutritius
1985 2298 2244 2358 deponitur.

199 2351 256 2397 In
284 2349 452 2397 semine
478 2348 676 2396 masculo
710 2352 802 2397 vim
837 2350 943 2404 effe,
980 2370 1079 2412 quae
1108 2352 1270 2407 faeiat,
1308 2368 1361 2401 ut
1387 2357 1484 2402 alite
1509 2371 1656 2417 partes
1685 2362 1886 2419 corporis
1912 2362 2118 2409 animalis
2156 2381 2245 2423 prce

198 2415 299 2462 aliis
326 2416 624 2466 evolvantur,
661 2412 778 2461 forte
809 2416 932 2476 quod
957 2414 1078 2463 succi
1104 2416 1193 2463 sint
1215 2419 1264 2464 in
1293 2419 1489 2466 masculo
1512 2420 1680 2467 semine
1713 2424 1766 2468 ad
1797 2439 1867 2470 eas
1889 2439 2037 2484 partes
2064 2428 2242 2472 alendas

198 2480 410 2540 aptiores.
477 2478 590 2524 Inde
613 2477 834 2537 hybridea
869 2481 1095 2527 animalia.
1164 2483 1218 2527 In
1254 2485 1429 2544 polypis
1467 2487 1508 2531 &
1539 2487 1809 2533 animalibus
1839 2505 1916 2548 per
1952 2488 2028 2535 sua
2061 2492 2247 2535 vulnera

196 2541 535 2588 renascentibus
571 2541 873 2600 praestolantia
917 2545 1118 2603 germina
1151 2545 1352 2593 admittit
1375 2582 1386 2600 ‚
1436 2565 1534 2608 quae
1573 2567 1596 2595 a
1632 2548 1827 2597 sedlione
1861 2553 2043 2598 uberius
2074 2554 2248 2600 nutrita

197 2608 485 2656 evolvantur,
558 2604 734 2651 Deinde
764 2619 921 2652 contra
950 2608 1272 2658 BUFFONIUM.
1345 2613 1478 2657 Deest
1508 2614 1558 2659 in
1586 2614 1682 2672 ejus
1703 2616 1789 2661 viri
1815 2615 2048 2675 hypotheli
2077 2615 2248 2676 {apien-

199 2670 289 2724 tia,
327 2686 428 2730 quae
455 2669 654 2729 partibus
681 2670 791 2715 novi
821 2670 1026 2717 animalis
1052 2673 1257 2720 ordinem
1288 2676 1533 2736 impertiat.
1603 2679 1772 2724 Contra
1806 2681 2046 2725 moleculas
2070 2681 2253 2741 organi-

200 2749 283 2780 cas.
349 2735 419 2780 De
449 2733 676 2780 vermibus
704 2734 754 2779 in
778 2750 873 2779 uno
897 2737 1199 2784 ovonovenis.

325 2831 382 2888 In,
397 2848 513 2878 nova
536 2833 734 2880 editione
747 2833 817 2880 vir
831 2834 899 2880 Cl.
916 2833 1078 2882 nostris
1094 2834 1201 2883 usus
1222 2839 1538 2898 experimentis
1552 2839 1761 2892 ostendit,
1787 2852 1839 2886 ut
1859 2851 2005 2899 partes
2025 2841 2248 2897 animalis,

205 2908 305 2951 quae
324 2892 454 2954 super
474 2898 580 2944 alias
608 2896 792 2944 formari
815 2898 1050 2952 videntur,
1097 2912 1277 2948 tantum
1306 2920 1360 2949 ex
1387 2904 1622 2963 pellucidis
1652 2920 1799 2962 opacae
1832 2902 1959 2951 fiant.
2031 2907 2249 2953 Evolutio

204 2958 725 3010 SWAMMERDAM1ANAE
763 2959 1054 3023 chrysalidis:
1091 2965 1189 3027 ejus
1221 2968 1288 3014 vis
1318 2968 1489 3015 moti-ix
1517 2967 1575 3013 est
1601 2967 1649 3013 in
1679 2967 1835 3022 corde,
1875 2970 1915 3016 ἃ
1946 2969 1996 3017 111
2026 2970 2074 3017 vi
2106 2970 2251 3017 irrita-

2141 3034 2246 3086 bilis
