2531 3394
558 109 606 170 ς.
642 117 750 170 938.
786 123 896 172 939-
981 109 1395 169 AaSTUART..
1451 102 1496 171 J.
1544 109 1658 159 TH.
1703 113 1945 174 KLEIN.
2186 121 2280 177 231

353 239 623 352 Ifiidsecundo
661 242 755 304 agit
791 241 846 289 de
886 242 996 290 cetis
1033 239 1329 288 &dentibus
1364 234 1736 298 elephantorum,
1786 242 1866 300 qui
1895 243 2034 303 vu1go
2073 239 2160 291 offa
2193 258 2296 290 ητα..

231 317 362 352 mout
453 320 652 352 leuntur.
1115 343 1122 346 .

288 392 293 395 ’
355 387 411 433 In
434 391 564 434 tertio
592 384 735 435 fetum
761 386 892 452 piscis
919 385 1066 449 pristis
1089 381 1313 432 describit.
1380 384 1451 430 De
1476 382 1576 430 ovis
1603 382 1719 445 galei
1750 381 1880 444 piscis
1906 401 1983 446 per
2011 388 2160 436 varios
2188 405 2287 450 gra«

228 449 312 497 dus
339 448 560 512 perfectis.
1807 456 1818 463 “

356 533 409 579 In
437 545 592 594 quarto
623 533 774 594 pullus
801 532 918 593 galei
946 528 1184 578 Acanthiae
1211 528 1363 580 nudus
1400 529 1568 578 dicitur
1590 530 1642 577 in
1672 540 1807 578 utero
1833 527 1998 591 absque
2026 532 2283 581 membrana

226 593 444 643 habitare.

354 679 409 724 In
424 676 531 726 Phil.
553 676 706 737 Trans.
723 693 766 723 n.
781 683 890 736 426.
922 693 1105 723 enorme
1119 693 1262 724 cornu
1275 675 1500 723 bubulum
1516 675 1742 729 describit,
1758 675 2009 738 plicamque
2026 676 2285 746 maximam.

349 760 410 808 N.
428 768 536 820 456.
566 757 786 809 mensurae
811 758 1054 820 bregniatis
1079 758 1280 820 gigantei
1303 756 1605 806 Witseniani.

354 843 410 889 In
454 839 681 899 Versuchen
710 839 788 886 der
825 837 1088 901 Gefhllfhlmft
1125 856 1182 889 zu
1218 844 1394 901 Danzig
1428 841 1482 888 T.
1506 842 1564 889 II.
1598 852 1735 901 1754.
1767 837 1850 899 4.*
1889 838 2094 888 desendit
2128 852 2287 888 contra

227 906 614 958 REAUMURIUM,
643 920 737 950 una
763 920 867 950 cum
897 906 1088 950 animale
1118 907 1159 950 ὃς
1185 904 1341 950 testam
1367 902 1568 952 formari.
1638 907 1766 952 Num
1794 920 1897 950 caro
1922 904 2055 952 costis
2083 906 2290 966 proxima

226 968 358 1031 poffit
385 967 632 1015 durescere.
702 969 815 1014 Non
839 980 993 1027 putat,
1032 969 1073 1015 &
1100 984 1200 1029 quae
1230 968 1497 1015 credebatur
1519 971 1568 1016 in
1593 968 1787 1030 lapidem
1818 966 1985 1023 abiiffe,
2022 986 2119 1016 earn
2150 967 2288 1017 habet

223 1050 306 1094 pro
336 1046 460 1094 parte
488 1031 684 1080 thoracis
710 1031 963 1079 testudinis.

257 1179 266 1187 .
354 1116 409 1161 In
427 1112 547 1188 phil.
582 1116 735 1175 Tranfi
758 1131 803 1161 n.
824 1121 935 1174 486.
973 1114 1140 1161 iterum
1175 1113 1386 1162 auditum
1425 1112 1624 1176 piscibus
1651 1113 1858 1162 vindicat
1877 1148 1889 1168 ,
1927 1115 1970 1161 &
1997 1113 2051 1160 de
2072 1130 2200 1167 mure
2227 1112 2289 1163 ai-

224 1222 225 1225 ,
256 1194 336 1225 1110
368 1191 476 1228 aelt.

223 1196 252 1240 Ρ
352 1229 853 1322 IridDanzigeer-ficch
882 1262 918 1308 Ι.
950 1258 1088 1322 pisces
1115 1272 1250 1322 negat
1270 1273 1350 1308 aut
1370 1259 1530 1308 surdos
1557 1259 1665 1315 effe,
1706 1271 1787 1308 aut
1809 1272 1975 1309 mutos.
2039 1263 2110 1308 De
2135 1260 2288 1311 hiber-

224 1326 398 1372 naculis
421 1324 750 1379 hirundinum,
786 1342 896 1386 quas
915 1325 1063 1372 hieme
1085 1327 1135 1372 in
1161 1342 1324 1386 aquarn
1344 1324 1389 1372 se
1419 1326 1674 1388 demergere
1714 1326 1853 1372 etiam
1877 1326 2169 1373 notariorum
2195 1326 2286 1375 fide

224 1388 487 1450 interposita
508 1387 765 1437 confirmat.

352 1472 493 1518 Porro
522 1472 701 1519 Gedani
725 1489 761 1518 a.
790 1485 924 1531 1740.
953 1473 1031 1532 4.*
1069 1470 1253 1533 proprio
1284 1471 1436 1519 libello
1466 1471 1518 1518 de
1536 1472 1667 1532 sono,
1703 1469 1762 1528 ἓξ
1783 1472 1938 1520 auditu
1959 1472 2138 1534 piscium
2167 1474 2284 1534 egit,

226 1535 269 1582 &
313 1535 468 1581 audire
505 1552 554 1582 ea
591 1537 802 1583 animalia
843 1537 1038 1590 docuit3
1101 1538 1324 1582 nonnulla
1368 1537 1501 1583 etiam
1548 1553 1659 1583 voce
1706 1553 1803 1583 non
1845 1536 2050 1597 undique
2087 1537 2286 1585 destitui.

221 1599 397 1709 gontra
428 1616 737 1661 anonymum,
778 1602 930 1662 quiin
955 1603 1012 1649 T.
1036 1607 1107 1658 36.
1137 1599 1400 1648 Bibliotheca
1433 1597 1596 1649 Gadicae
1635 1617 1738 1648 eum
1767 1599 1959 1662 piscium
1985 1600 2194 1649 auditum
2219 1618 2288 1648 re-

244 1675 466 1712 utaverat.

351 1746 508 1792 Edidit
535 1763 670 1807 porro
703 1759 837 1806 1743.
870 1746 1049 1795 Gedani
1069 1743 1152 1806 4*
1176 1747 1387 1807 fitmmam
1406 1747 1634 1796 dubiorum
1657 1752 1774 1796 circa
1800 1745 1940 1811 claffis
1956 1746 2287 1811 quadrupedum

225 1807 286 1866 ἓξῗ
306 1809 639 1871 amphibiorum,
678 1828 772 1858 cum
793 1811 887 1873 121less
925 1812 977 1858 de
1000 1812 1311 1858 ruminantibus
1337 1812 1395 1869 ἓξ
1417 1814 1596 1875 periodo
1631 1819 1730 1859 vitae
1754 1812 1968 1866 hmnancc,
2006 1813 2158 1860 collato
2190 1828 2286 1859 cum

222 1874 371 1920 brutia.
441 1876 640 1921 Plurima
668 1892 771 1922 cum
802 1878 856 1922 de
880 1876 1151 1923 animalibus
1178 1875 1423 1936 scripserit,
1461 1895 1557 1924 non
1587 1876 1678 1924 fuit
1700 1878 1737 1924 is
1760 1876 1866 1924 finis
1894 1877 1995 1924 viro
2013 1877 2083 1924 Cl.
2108 1888 2163 1931 ut
2181 1893 2287 1923 ana-

222 1949 382 1984 tomen
408 1939 603 1985 doceret..
672 1938 831 1986 Paffim
856 1952 1008 1986 tamen
1030 1941 1180 1999 aliqua
1206 1939 1297 1986 huc
1316 1939 1504 1988 faciunt.
1574 1943 1643 1988 Ita
1671 1943 1720 1987 in
1758 1940 2017 2001 dispositione
2041 1940 2287 2002 quadrupe·

221 2000 323 2048 dum
359 2001 473 2063 Lips.
494 2015 627 2061 1751.
656 2004 734 2063 4.*
771 2006 946 2065 lepores
973 2016 1193 2050 cornutos
1225 2006 1267 2050 ὃς
1299 2005 1390 2051 duo
1415 2022 1588 2071 cornua
1617 2004 1754 2052 habet
1788 2005 2108 2052 rhinocerotis.

351 2085 406 2131 In
428 2082 600 2146 historice
631 2090 779 2133 avium
800 2087 1065 2147 prodromo,
1101 2086 1285 2132 Lubeck
1309 2100 1442 2147 1750.
1462 2086 1542 2147 4*
1577 2088 1669 2149 agit
1699 2087 1752 2133 de
1785 2086 2092 2134 hibernaculis
2122 2085 2283 2134 hirun*

222 2147 408 2201 dinum,
446 2165 556 2209 quas
584 2149 828 2197 confirmat
854 2149 936 2197 sub
961 2151 1091 2211 aquis
1114 2151 1270 2210 mergi.
1339 2152 1409 2198 Ad
1431 2152 1740 2199 ventriculum
1763 2151 2016 2213 laxgopodis.

345 2230 401 2277 In
426 2229 619 2278 methodo
643 2232 936 2294 ostracologica
965 2231 1090 2279 Leid.
1111 2243 1246 2290 1753.
1274 2235 1350 2291 4*
1379 2234 1471 2294 agit
1496 2234 1550 2281 de
1576 2231 1855 2282 concharum
1883 2233 2186 2295 generatione.

349 2312 405 2358 In
420 2310 705 2376 herpetologicz
729 2315 942 2376 Gotting.
971 2315 1104 2373 1755.
1128 2315 1207 2373 4.*
1228 2326 1441 2362 anatome
1455 2315 1573 2363 redit
1590 2316 1918 2363 lumbricorum
1940 2316 2148 2362 teretium
2166 2315 2278 2376 lupi.

348 2392 403 2439 In
433 2392 842 2442 Echinadermatihus
881 2397 1056 2444 Gedan.
1092 2408 1226 2455 1734.
1254 2395 1333 2455 4.*
1371 2414 1422 2444 os
1451 2400 1491 2445 &
1519 2399 1723 2460 quinque
1757 2397 1914 2445 dentes
1947 2397 2043 2458 ers
2073 2398 2279 2444 animalis

221 2453 458 2511 describit,
496 2459 536 2504 &
562 2460 713 2519 aliqua
733 2459 869 2506 habet
889 2461 942 2506 de
962 2462 1224 2507 aculeorum
1253 2474 1477 2510 anatome.

356 2542 450 2586 Ova
474 2543 621 2585 avium
635 2539 856 2602 posthuma
876 2541 1146 2602 prodierunt
1171 2543 1462 2603 Regiomout.
1488 2548 1623 2604 1766.
1646 2542 1731 2605 4*
1796 2544 1985 2594 Tabulae
2018 2543 2147 2605 pid'tae
2168 2557 2276 2589 ovo-

221 2619 325 2650 rum
339 2637 351 2657 ,
387 2604 524 2650 etiam
544 2606 767 2650 rariorum
783 2638 795 2657 ,
822 2618 876 2651 ut
897 2604 1073 2665 psittaci
1095 2608 1136 2652 &
1154 2604 1360 2654 casuarii.

349 2683 569 2732 Pholades
600 2686 649 2730 in
673 2685 820 2745 lapide
841 2685 1057 2732 habitare.

353 2767 411 2814 In
440 2764 671 2828 Versuchen
702 2768 785 2815 διο.
817 2767 869 2815 T.
895 2768 977 2816 111.
1012 2767 1068 2814 de
1090 2784 1209 2831 agno
1231 2767 1394 2819 fictitio
1421 2771 1672 2822 Borametz.

1833 3019 1875 3072 ς.
1909 2988 2276 3067 Docccxu
