2531 3394
580 124 620 177 §-
662 124 794 178 1163.
838 123 971 181 1164.
1039 119 1402 171 PAGANUS.
1468 122 1851 178 ADANSON.
2146 145 2236 195 5³5

187 252 463 366 xag‘iiimum
492 249 622 314 facile
649 250 876 314 superant.
916 269 921 271 ⁴
944 249 1261 301 Mahometani
1283 267 1381 300 non
1403 250 1638 302 transeunt
1660 255 1710 303 in
1735 255 1997 320 AEthiopum
2039 264 2238 313 colorem

189 321 262 367 vel
322 318 507 365 abitum.

315 399 372 446 In
402 400 448 446 P.
467 399 522 446 11.
553 396 873 444 describuntur
900 399 942 444 &
962 396 1111 450 testae,
1146 399 1188 445 &
1215 398 1433 445 animalia
1467 398 1517 445 in
1544 398 1667 447 testis
1699 398 1978 458 habitantia,
2016 409 2238 470 novisque

188 463 454 511 nominibus
488 461 821 524 infigniuntur,
859 461 912 506 de
945 460 1166 508 industria
1205 460 1323 508 nihil
1351 459 1725 522 significantibus.
1824 467 2045 516 anatome
2070 476 2237 520 anima.

187 528 299 575 lium
325 528 373 574 in
397 526 586 574 conchis
615 525 948 578 habitantium,
984 525 1131 578 oculi,
1164 527 1314 573 tubuli
1343 524 1643 586 respiratorii,
1692 526 1825 577 sexus
1857 547 2040 592 organa.
2129 536 2238 583 Pur..

186 606 312 652 purae
332 593 492 652 aliquae
511 590 642 637 sexus
661 589 833 635 habent
854 587 1103 635 distinctos.
1172 590 1375 637 Maxillae
1402 590 1527 644 duae,
1567 589 1761 640 musculi
1778 596 2007 656 perpauci.
2074 598 2238 658 Aliqua

188 655 353 703 horum
379 655 644 702 animalium
668 668 770 699 cum
800 650 910 698 testa
930 650 1194 699 nascuntur.

317 738 372 784 In
399 741 624 784 Comment.
649 733 786 780 Acad.
817 738 973 782 Scient.
1004 750 1043 780 a.
1070 747 1205 792 1759.
1234 734 1289 780 de
1319 733 1522 781 teredine
1548 737 1750 792 marina,
1787 755 1889 799 quae
1920 756 2060 789 naves
2097 753 2241 803 perte-

188 801 340 847 rebrat
361 819 373 853 3
410 801 464 846 de
487 801 584 860 ejus
609 798 780 858 duplici
806 800 848 846 &
874 798 1058 845 dentata
1082 798 1222 851 testa3
1255 799 1308 844 de
1333 796 1576 847 visceribus
1595 799 1928 862 fimpliciffimis
1947 840 1959 860 ,
1995 805 2093 854 solo
2116 822 2243 854 nem-

189 881 243 925 pe
272 865 411 911 ductu
437 862 698 910 intestinali.

317 945 372 991 In
404 943 494 1005 hist.
531 945 784 1006 plantarum
819 943 913 1005 agit
953 942 1008 989 de
1033 940 1136 990 sede
1171 940 1340 1003 saporis
1379 942 1660 993 diversarum
1692 949 1964 1009 plantarum.
2061 951 2247 1013 Saporis

186 1006 362 1056 sensum
395 1025 473 1069 per
503 1006 578 1061 sex
602 1009 780 1054 minuta
804 1010 948 1068 prima
975 1004 1204 1066 superesse.

314 1094 361 1146 J.
387 1090 558 1138 Samuel
581 1090 755 1136 HALLE
793 1088 816 1148 (
826 1104 923 1133 non
951 1088 1195 1140 HALLER)
1229 1089 1611 1150 Naturgeschichte
1641 1091 1720 1140 der
1753 1094 1904 1142 Thiere
1936 1099 1981 1143 in
2005 1096 2243 1157 systemati-

177 1152 298 1214 scher
330 1153 538 1215 Ordnung
577 1155 633 1199 T.
659 1151 694 1198 Ι.
728 1151 796 1197 die
825 1150 1101 1213 vierfitssigen
1135 1149 1286 1198 Thiere
1330 1154 1481 1200 Berlin
1509 1168 1644 1215 1757.
1673 1157 1748 1211 8.*
1817 1159 1873 1204 In
1903 1161 2061 1206 multis
2093 1161 2243 1208 KLEI-

186 1231 324 1265 MUM
356 1215 588 1277 sequitur:
628 1216 1038 1275 contemplationes
1069 1215 1125 1261 de
1145 1215 1355 1263 universa
1383 1219 1648 1266 animalium
1685 1232 1850 1268 natura
1872 1223 2022 1277 addit,
2057 1221 2148 1271 fere
2184 1224 2242 1270 ad

185 1282 433 1331 Burroml
465 1278 642 1326 sensum
661 1313 673 1332 ‚
712 1280 847 1325 etiam
875 1279 928 1325 de
957 1278 1158 1325 homine.
1227 1281 1361 1328 Tunc
1394 1280 1722 1345 phyfiologiam
1753 1285 1966 1346 aliquam.
2033 1288 2241 1334 Animale

187 1360 351 1404 corpus
384 1360 438 1390 ex
463 1341 674 1390 cellulofit
700 1344 787 1390 tela
812 1342 937 1390 strui.
1003 1344 1181 1390 Marem
1205 1341 1374 1391 femina
1400 1362 1610 1394 venerem
1635 1348 1776 1410 magis
1803 1361 2026 1409 appetere.
2061 1351 2242 1412 Corpus

186 1409 363 1454 luteum
388 1407 485 1468 post
511 1405 883 1453 fecundationem
908 1406 1032 1452 oriri.
1100 1407 1302 1454 Primum
1326 1409 1483 1456 nervei
1508 1410 1620 1471 quid
1645 1411 1755 1458 strui
1785 1424 1941 1472 putat,
1979 1414 2109 1474 cujus
2141 1415 2243 1462 irri-

186 1471 336 1518 tabilis
371 1483 533 1518 natura
562 1473 757 1531 reliquas
794 1482 939 1530 partes
966 1467 1125 1516 senfim
1154 1471 1389 1530 producat.
1472 1475 1542 1521 De
1575 1475 1809 1522 literarum
1839 1479 2237 1537 pronuntiatione.

186 1535 400 1582 Animam
435 1533 737 1582 oscillationes
767 1532 952 1581 sonoras
995 1550 1091 1580 non
1125 1550 1379 1583 numerare.
1447 1538 1651 1585 Unicum
1696 1540 1893 1600 primum
1934 1539 2061 1587 fuiffe
2093 1539 2242 1591 homi-

187 1615 309 1644 nem.
375 1600 446 1645 De
469 1597 772 1659 hippomane,
811 1598 942 1655 cujus
981 1599 1218 1658 analogam
1256 1601 1488 1647 materiem
1521 1619 1626 1650 aves
1665 1601 1850 1651 habent.
1918 1602 2079 1652 Passim
2103 1606 2241 1653 etiam

185 1662 241 1709 ad
261 1660 436 1724 singula
460 1663 675 1708 animalia
703 1662 871 1722 aliquid
896 1661 1077 1708 additur
1100 1662 1154 1707 de
1180 1679 1340 1710 eorum
1362 1677 1586 1713 anatome.

312 1745 447 1791 T.11.
478 1760 576 1789 aves
611 1743 759 1789 Berlin
785 1750 918 1801 1760.
950 1741 1028 1796 8.*
1096 1745 1374 1791 Communia
1411 1748 1565 1794 avium
1605 1750 1646 1795 ἃ
1687 1748 1944 1809 osteologia.
2014 1750 2241 1799 Animalia

185 1824 283 1854 non
309 1807 420 1853 strui
442 1824 466 1853 a
490 1807 537 1853 vi
561 1807 835 1853 adtradtrice.
903 1806 1187 1854 Hirundines
1210 1810 1260 1854 in
1288 1810 1572 1858 arundinetis
1600 1812 1809 1872 reperiri,
1840 1812 1915 1859 sed
1938 1810 2109 1860 infelici
2136 1813 2239 1862 casu
2261 1820 2265 1823 ’

185 1888 238 1918 eo
263 1871 443 1918 delatas.
515 1870 656 1927 Qod
683 1886 823 1917 ovum
851 1872 1001 1917 cuculi
1027 1886 1050 1916 a
1069 1883 1211 1918 matre
1240 1872 1288 1917 in
1312 1873 1484 1921 alienos
1513 1876 1644 1922 nidos
1665 1876 1936 1936 deponatur,
1962 1876 2113 1923 noster
2142 1893 2240 1925 non

184 1935 366 1982 videtur
393 1951 417 1980 a
445 1935 607 1995 majori
637 1935 891 1981 ventriculo
915 1948 1114 1995 repetere
1133 1968 1146 1988 ‚
1182 1936 1261 1996 qui
1290 1936 1343 1983 in
1373 1936 1456 1984 hac
1482 1955 1563 1986 ave
1587 1938 1649 1986 est
1675 1937 1957 1988 vastiffimus.
2026 1941 2234 1989 Varieta-

182 2011 280 2046 tum
299 1996 551 2046 serinorum
583 1998 716 2044 arbor
739 1999 1040 2060 genealogica.

309 2081 415 2126 Mea
452 2081 670 2125 elementa
694 2077 989 2142 Physiologiae
1014 2081 1284 2128 Germanice
1325 2082 1552 2139 reddidit,
1594 2100 1792 2145 quorum
1824 2088 1928 2134 octo
1964 2101 2090 2133 nunc
2121 2087 2236 2134 tomi

183 2144 381 2190 Berolini
409 2141 487 2198 8.*
514 2142 800 2203 prodierunt.
866 2145 1042 2192 Primus
1067 2145 1237 2205 prodiit
1262 2162 1300 2192 a.
1321 2159 1459 2206 1757.

311 2225 641 2272 HEURTAULD
672 2224 731 2271 du
746 2225 849 2287 flux
877 2226 1097 2287 menstruel
1127 2227 1247 2274 Paris
1267 2240 1400 2287 1757.
1429 2240 1500 2277 12.

307 2305 641 2353 VILLEMAIRE
668 2305 991 2354 l’andrometrie
1004 2324 1057 2354 ou
1068 2325 1241 2355 examen
1248 2307 1563 2372 philosophique
1574 2310 1831 2360 de-l’homme
1854 2313 1978 2361 Paris
1998 2325 2132 2373 1757.
2162 2323 2232 2364 12.

313 2387 627 2433 DESALLJERS
668 2387 1048 2435 d'ARGENvlLLE
1076 2389 1118 2435 la
1156 2389 1447 2452 zoomorpliofh
1478 2410 1531 2440 ou
1559 2393 1891 2455 representation
1930 2396 2001 2442 des
2025 2402 2231 2443 animaux

183 2452 342 2496 vivam
381 2454 457 2509 qui
499 2448 692 2496 habitent
725 2451 781 2496 les
814 2453 1005 2511 coquilles
1041 2452 1093 2498 de
1125 2469 1215 2500 mer
1251 2452 1347 2509 &a
1400 2457 1522 2503 Paris
1547 2469 1680 2515 1757.
1712 2461 1789 2517 4.*
1855 2459 1996 2506 Vetas
2023 2458 2227 2505 cochleas

183 2513 507 2573 quadricornes
534 2511 777 2559 describit:
826 2516 934 2560 alias
967 2515 1208 2562 bicornes:
1257 2520 1376 2564 inter
1402 2535 1473 2566 eas
1499 2520 1761 2580 proboscide
1790 2521 2010 2576 donatas,
2052 2521 2081 2568 s.
2114 2521 2232 2569 tubo

181 2577 392 2623 nutritio.
462 2577 571 2623 Aliae
607 2577 785 2625 duobus
823 2578 1048 2639 ejusmodi
1084 2579 1224 2628 tubis.
1294 2582 1417 2629 Tum
1441 2600 1645 2638 vermes,
1676 2583 2007 2647 scolopendrae,
2044 2585 2228 2647 polypi,

182 2638 350 2687 echini.

308 2718 466 2767 Patrik
492 2721 719 2769 BROWNE
759 2721 866 2768 civil
892 2722 982 2768 and
1015 2725 1198 2772 natural
1221 2723 1376 2787 lustory
1409 2727 1463 2789 of
1478 2733 1679 2783 Jamaica
1722 2727 1918 2775 London
1947 2740 2082 2786 1757.
2115 2725 2232 2775 f01.*

184 2782 351 2842 Aliqua
380 2784 435 2829 de
476 2785 747 2831 animalibus
780 2784 1050 2846 zoophytiS,
1097 2790 1290 2850 polypis.
1358 2791 1597 2852 Plerasque
1637 2794 1820 2838 lacertas
1857 2793 2145 2839 Americanas
2175 2791 2232 2839 ad

186 2844 516 2894 Chamaeleonis
548 2848 738 2895 modum
766 2850 963 2896 colorem
987 2863 1188 2906 mutare,
1234 2870 1428 2915 eumque
1463 2856 1676 2908 induere,
1724 2856 1802 2915 qui
1841 2855 1902 2902 est
1938 2857 1989 2902 in
2016 2871 2227 2916 corpore,

184 2908 238 2955 in
267 2924 358 2970 quo
389 2912 554 2972 Jacent.
621 2914 741 2961 Cum
769 2913 963 2962 minimo
994 2914 1175 2965 cerebro
1209 2917 1405 2980 aliquam
1434 2930 1589 2968 tamen
1620 2916 1903 2980 disciplinam
1925 2920 2191 2968 admittunt.

2035 3016 2232 3068 Eduardi
