2531 3394
708 66 755 167 Si
791 114 926 159 1160.
966 112 1104 158 1161.
1171 106 1436 159 CRANZ.
1505 108 1736 160 VARII.
2135 113 2242 176 ‘53¹

316 246 723 292 Commentariorum
746 241 885 289 Acad.
915 239 1179 300 Bononiensis
1208 241 1266 288 T.
1279 241 1363 288 IV.
1393 239 1572 286 Bonon.
1603 251 1736 300 1757.
1763 243 1839 299 4*
1882 246 1999 302 Quae
2020 247 2242 294 anatomi-

188 324 238 356 ca
255 305 417 360 habet,
450 323 500 353 ea
525 304 615 352 fere
644 306 701 352 ad
732 307 977 354 LAGHIUM
1003 305 1258 366 pertinent,
1291 306 1333 352 &
1362 303 1480 351 dieta
1503 301 1625 351 sunt.

318 389 374 436 In
398 393 604 436 Mercure
625 388 678 434 de
702 391 864 435 France
880 385 1118 433 Decembr.
1145 387 1202 431 D.
1225 387 1445 433 GOYEAU
1469 402 1624 432 canem
1649 383 1813 447 piscem
1837 386 2071 443 describit,
2104 391 2238 438 mini-

186 469 263 501 mo
289 453 497 505 cerebro,
537 453 681 499 oculis
702 452 900 513 magnis,
935 450 1178 497 involucro
1207 450 1340 497 nervi
1361 450 1502 510 optici
1529 451 1848 512 cartilagineO,
1885 450 2051 500 ostibus
2071 457 2235 508 nulus,

167 518 369 564 ‘valvula
393 516 595 563 intestini
624 514 792 576 spirali.
1091 522 1092 525 ’

313 599 504 651 Rarius,
548 595 794 658 aliquando
836 609 1018 649 tamen,
1062 596 1113 642 in
1141 595 1326 654 journal
1353 599 1626 656 oeconomique
1664 613 1734 643 res
1763 595 1925 643 nostrae
1970 608 2239 658 tanguntur.

186 660 354 710 Subrisi
377 660 464 707 hoc
490 677 638 714 anno,
675 677 778 707 cum
807 676 958 706 meum
993 660 1046 706 de
1068 658 1227 705 somno
1259 660 1460 707 libellum
1495 676 1550 705 ex
1575 662 1726 721 primo}
1760 661 1878 707 lineis
1913 661 1963 707 in
1998 662 2241 721 Anglicurn

184 726 410 778 diarium,
460 723 567 771 hinc
593 725 643 770 in
665 725 919 777 Gallicum,
963 723 1071 770 inde
1106 723 1301 784 denique
1335 725 1386 769 in
1409 723 1734 771 Germanicum
1770 722 1948 771 versum
1969 725 2083 785 legi,
2123 726 2165 771 &
2190 725 2249 771 in.

182 789 438 852 allgemeines
465 791 678 850 Mngazin
702 786 935 834 recusum:
979 798 1032 834 ut
1062 804 1195 834 nemo
1216 799 1286 834 tot
1312 786 1663 847 compilatorum
1684 786 1861 835 fontem
1881 788 2115 834 indicaret.

329 875 582 932 Uytgezogte
605 867 964 931 verhmzdelingen
984 881 1063 928 uyt
1088 868 1140 915 de
1163 870 1377 928 nieuweste
1406 867 1577 915 worken
1601 886 1690 915 van
1722 869 1773 916 de
1794 869 2046 930 societeyten
2068 868 2145 915 der
2160 885 2243 915 we-

183 933 407 996 tenskapen
440 935 554 980 tomi
577 933 682 979 Vll.
716 933 821 979 Vol.
857 945 932 990 24.
979 933 1260 979 Amsterdam
1287 944 1422 989 1757.
1460 938 1503 985 8.
1555 934 1717 980 [ΑΜΒ.
1799 933 1854 979 In
1882 934 1938 980 T.
1966 935 2000 980 Ι.
2037 933 2247 981 Cornelius

162 289 183 308 2

186 1000 455 1046 NOZEMAN
503 997 629 1043 dedit
666 995 1012 1056 descriptionem
1048 994 1243 1042 cochleae
1288 995 1499 1048 marinae,
1561 1013 1662 1056 quae
1704 998 1844 1057 vulgo
1874 995 1988 1043 wulk
2024 1008 2242 1049 vocatur,
2318 1046 2323 1049 ,

185 1074 286 1109 tum
324 1062 531 1108 ovarium
572 1062 613 1107 &
658 1060 885 1122 pullitiem
925 1061 1135 1106 animalis
1171 1057 1334 1109 zeekat.
1423 1059 1495 1107 Sic
1526 1059 1577 1106 in
1610 1060 1708 1108 aliis
1745 1060 1880 1108 tomis
1903 1094 1916 1114 ,
1942 1060 2135 1122 ,quibus
2171 1060 2243 1106 in-

182 1138 304 1173 vitus
335 1141 481 1173 careo.

600 1217 660 1276 §.⁷
683 1220 738 1267 M
753 1220 791 1267 C
806 1220 841 1267 L
855 1219 950 1267 XI.
1020 1224 1237 1267 Henricus
1262 1225 1578 1283 Nepomucenm
1607 1221 1802 1269 CRANZ.

308 1317 657 1365 Institutionum
674 1318 781 1364 olim
796 1315 1017 1363 Profeffor
1029 1317 1233 1364 Vindob.
1254 1319 1294 1364 &
1307 1319 1418 1364 artis
1434 1317 1719 1365 obstetriciae.
1788 1318 1844 1365 In
1858 1317 2083 1381 appendice
2100 1319 2187 1367 Vol.
2201 1319 2245 1367 1.

179 1382 239 1430 N.
262 1385 312 1429 A.
328 1383 374 1429 N
378 1418 388 1433 .,
403 1383 455 1429 C.
479 1383 571 1442 agit
591 1381 644 1427 de
657 1381 1067 1428 instrumentorum
1084 1381 1133 1427 iu
1149 1398 1198 1427 ea
1209 1393 1302 1428 arte
1315 1383 1532 1435 utilitate,
1546 1384 1587 1429 ἃ.
1607 1385 1724 1429 recta
1740 1395 1875 1442 atque
1889 1384 2154 1443 praepostera
2166 1383 2244 1429 ad-

180 1446 440 1506 plicatione.
508 1443 734 1492 Describit
761 1443 907 1491 fetum
931 1448 1078 1505 palato
1106 1447 1221 1491 male
1247 1444 1445 1492 formato
1462 1480 1474 1500 ‚
1510 1447 1652 1492 uvula
1680 1448 1731 1492 in
1763 1447 1873 1493 duas
1906 1458 2052 1507 partes
2084 1446 2241 1493 distin-

181 1511 272 1556 ἀπε
299 1508 466 1563 divisa,
502 1509 690 1556 auribus
710 1510 899 1569 apertis,
939 1508 1046 1555 hinc
1071 1507 1227 1569 sugere
1244 1510 1477 1570 impotem.
1546 1511 1729 1557 Mireris
1755 1509 2037 1563 referentem,
2067 1509 2245 1558 Parisiis-

180 1574 410 1620 neminem
435 1586 597 1634 praeter
623 1575 912 1620 LEVRETUM
946 1572 1198 1627 credidisse,
1241 1575 1494 1633 placentam
1529 1574 1677 1620 alieno
1712 1576 1813 1621 loco
1838 1573 2064 1621 adhaerere
2095 1572 2244 1635 poffe,

179 1649 262 1684 aut
281 1635 437 1684 chorio
461 1635 616 1684 versus
643 1649 830 1684 uterum
856 1636 1042 1684 obduci.

313 1720 365 1766 In
405 1719 563 1765 eodem
591 1719 682 1766 Vol.
710 1718 792 1778 obsi
818 1727 893 1767 62.
930 1735 1053 1766 mors
1081 1735 1135 1765 ex
1162 1717 1339 1765 defectu
1366 1720 1517 1780 palati.

311 1801 385 1860 EJ.
425 1800 546 1861 Quid
557 1800 615 1859 fit
641 1805 737 1847 veri
762 1806 806 1847 in
821 1800 1035 1859 sententia
1057 1802 1359 1848 STAHL1ANA
1385 1806 1554 1848 ratione
1574 1804 1720 1847 animae
1754 1800 1908 1848 Wien
1934 1807 2069 1860 1760.
2093 1813 2141 1861 4.

307 1882 480 1942 EJUSD.
536 1882 773 1929 Solutiones
802 1882 1104 1940 difficultatum
1132 1886 1249 1930 circa
1280 1882 1416 1930 cordis
1448 1882 1792 1929 irritabilitatem
1826 1883 1979 1928 Wien
2004 1889 2136 1941 1761.
2159 1880 2241 1938 8.*

182 1945 361 2005 Nempe
386 1945 686 2004 difficultatum
711 1946 812 1993 ILL.
834 1947 1029 1993 HAENH
1046 1980 1057 1999 ,
1109 1946 1190 2006 qui
1220 1947 1368 1993 cordis
1394 1947 1746 1993 irritabilitatem
1779 1947 1983 2007 undique
2011 1959 2240 2007 receptam

178 2010 395 2069 negabat,
434 2011 476 2056 &
504 2022 681 2056 motum
705 2008 843 2070 hujus
866 2008 1057 2057 musculi
1082 2010 1257 2071 ignotae¹
1280 2010 1488 2071 potestati
1513 2010 1757 2057 tribuebat.
1827 2011 2001 2056 Contra
2022 2011 2061 2056 le
2086 2010 2239 2058 CAT11

179 2076 375 2120 animam
402 2071 691 2126 sensitivam3
729 2073 952 2120 maximos
978 2085 1132 2121 motus
1165 2072 1331 2134 absque
1362 2076 1458 2121 ullo
1492 2072 1622 2120 sensu
1658 2073 1781 2120 cieri.
1849 2075 2101 2121 HAENIUM
2141 2091 2242 2122 non

180 2136 295 2182 bene
322 2137 630 2196 experimenta
655 2138 704 2184 in
732 2138 1004 2184 animalibus
1035 2135 1149 2184 faeta
1184 2139 1383 2198 rejicere.
1451 2139 1563 2185 Non
1597 2135 1828 2183 callescere
1855 2154 1960 2190 cor,
1996 2139 2066 2185 uti
2091 2154 2241 2198 neque

181 2198 484 2261 diaphragma.
557 2201 770 2249 Omnino
799 2217 824 2247 a
847 2199 1081 2263 sanguinis
1105 2200 1260 2248 venosi
1286 2201 1466 2248 stimulo
1487 2201 1634 2248 cordis
1660 2212 1837 2248 motum
1867 2201 2067 2249 excitari.
2114 2202 2244 2250 Alias>

182 2263 318 2310 etiam
356 2265 633 2325 objectiones
662 2263 812 2312 solvit.

308 2345 384 2405 EJ.
445 2350 618 2407 Quaestio
649 2346 839 2400 medica,
875 2363 962 2407 quae
987 2344 1077 2404 fint
1101 2346 1231 2407 causa
1267 2346 1548 2406 mufiulorum
1579 2349 1775 2394 metrices
1812 2345 1966 2392 Wien
2000 2352 2131 2403 1761.
2156 2343 2241 2404 43?

180 2409 312 2468 cujus
353 2406 462 2468 disp.
492 2413 722 2456 auctorem
761 2426 888 2456 nunc
919 2409 1057 2456 audio
1099 2408 1179 2455 effe
1209 2411 1255 2456 P.
1288 2412 1341 2457 A.
1373 2413 1652 2457 MARHERR.
1723 2410 1898 2456 Contra
1932 2410 1970 2455 le
2000 2411 2241 2462 CATIUM,

179 2484 339 2517 contra
364 2470 543 2530 spiritus
575 2473 789 2519 animales
813 2471 944 2518 semi·
965 2474 1299 2519 immateriales.
1369 2474 1724 2520 Irritabilitatem
1758 2471 1838 2518 effe
1867 2470 2043 2518 causam
2066 2485 2235 2520 motus,

177 2534 408 2582 ROGERn
446 2549 709 2596 perpetuam
747 2534 1081 2582 oscillationem·
1118 2537 1353 2583 inventam
1391 2536 1499 2590 effe,
1555 2551 1609 2583 ut
1649 2536 1938 2582 irritabilitati
1977 2547 2235 2581 noceretur,

178 2595 416 2645 Musculos
443 2600 674 2646 voluntati
699 2597 922 2658 subjectos
946 2600 1101 2646 minus
1133 2601 1372 2647 irritabiles
1400 2600 1516 2654 effe,
1545 2599 1654 2646 hinc
1690 2598 1819 2646 facile
1853 2598 2045 2657 fatigari.
2116 2600 2238 2645 Con-

178 2672 246 2770 {11:²11
280 2660 657 2734 dissertationem,
692 2663 743 2709 in
771 2679 860 2723 qua
883 2662 1094 2717 docetur,
1129 2664 1313 2710 arterias
1347 2680 1445 2711 non
1474 2681 1500 2711 a
1525 2661 1746 2724 sanguine
1782 2663 1835 2709 de
1863 2662 1995 2708 corde
2018 2677 2080 2707 ex.
2108 2659 2242 2722 pulso

211 2740 225 2770 1
247 2737 378 2778 atari,

306 2807 380 2867 EJ.
422 2807 720 2869 Einleitungin
744 2810 831 2854 eine
852 2805 998 2854 wahre
1023 2807 1116 2854 und
1121 2808 1384 2870 gegriindete
1408 2805 1790 2866 Hebummenkunst
1824 2802 1978 2851 Wien
1997 2811 2134 2863 1756.
2152 2803 2238 2860 88⁸⁸

185 2874 324 2923 1768,
346 2869 422 2922 8.*
470 2869 726 2930 Descriptio
758 2874 954 2931 partium
982 2873 1249 2932 genitalium
1283 2874 1324 2919 &
1349 2873 1520 2932 pelvis,
1560 2873 1600 2917 &
1631 2868 1962 2916 secundarum:
2006 2870 2059 2914 de
2089 2869 2238 2927 gravi-

184 2928 323 2978 ditate
357 2933 440 2982 διο.
505 2932 623 2982 Vasa
643 2936 823 2983 uterina
854 2951 958 2985 cum
981 2933 1101 2985 fetus
1126 2933 1244 3049 val}
1274 2936 1635 2988 communicare,
1686 2934 1729 2981 &
1752 2932 1947 2982 debilem
1976 2948 2172 2996 puerum
2201 2949 2230 2980 a

1263 3015 1295 3046 X
1324 3015 1357 3046 X
1387 3010 1418 3050 2
2139 3010 2234 3045 ma*
