2531 3394
287 134 379 177 116
669 156 671 158 r
720 126 850 175 tm.
905 113 1489 177 mnsamrom
1529 107 1900 190 'DOCTIOR-
1944 151 1950 154 -

412 256 593 319 EJUSD.
629 256 847 317 Lethes-d
872 257 942 300 M.
971 268 1027 298 au
1044 246 1229 310 sajet-de
1252 250 1299 297 la.
1319 249 1446 309 lettre
1472 253 1655 311 critique
1677 248 1730 305 dr:
1753 254 1840 297 M..
1858 244 2184 310 ‘Bessa-contre
2213 248 2334 297 l'ide'e

272 376 275 381 .
279 323 478 386 generale
495 320 548 366 de
570 320 813 366 l’aeconomie
829 316 1013 364 animale
1046 314 1167 360 Paris
1185 325 1320 370 1725.
1340 313 1448 361 12.*
1513 314 1684 359 Decem
1700 310 1814 368 sunt
1831 309 2041 374 epistolae,
2070 309 2174 362 satis
2194 330 2332 362 acres.

287 385 533 433 Theoriam
559 382 927 430 inflammationis
960 376 1003 422 se
1022 394 1046 423 a
1075 379 1414 426 BoERHAAvlo
1449 393 1544 423 non
1569 376 1732 423 habere
1748 409 1761 430 ,
1797 379 1878 437 qui
1904 377 1957 437 de
1980 394 2031 427 ea
2059 394 2107 426 re
2133 375 2336 425 breviffi-

229 489 233 500 .
289 465 362 495 me
386 449 778 509 egerit,'errorem
805 457 955 490 tamen
984 441 1071 486 loci
1094 441 1149 486 ab
1184 457 1236 486 eo
1267 442 1367 486 viro
1399 442 1568 488 dictum
1598 440 1692 486 effe.
1779 439 1898 487 Vasa
1921 439 2190 500 lymphatica
2220 436 2336 487 arte-

288 510 407 559 riosa
439 511 520 557 fibi
559 511 784 561 vindicat,
823 522 919 551 non
953 504 1080 549 bene.
1150 504 1214 550 Ut
1241 520 1334 550 una
1361 507 1519 552 arteria
1556 517 1681 550 aorta
1707 502 1759 564 fit
1789 503 2049 565 divergenS,
2083 506 2132 550 in
2164 507 2336 550 ratione
2397 551 2401 554 ,

292 576 357 634 ad]
380 591 547 634 omnes¹
567 573 669 619 suos
702 587 847 617 ramos
867 603 878 622 ,
915 570 955 614 ἃ
984 584 1265 626 convergens
1292 569 1340 614 in
1370 569 1546 614 ratione
1576 567 1632 613 ad
1659 571 1860 614 unicum.
1945 565 2142 615 Uterum
2175 567 2336 613 habere

222 638 226 642 ’
292 636 396 687 vasa
432 637 712 688 exhalantia,
750 650 851 694 quae
886 630 1152 692 sanguinem
1189 632 1514 683 transmittant.
1584 632 1798 692 Pleraque
1823 632 2004 692 practici
2028 631 2321 692 argumenti.'

423 721 497 782 EJ-
533 720 751 779 Principia
765 712 1141 779 phyfico-medica
1175 706 1308 758 Paris.
1336 724 1472 769 1752.
1502 719 1543 765 8.
1583 704 1738 775 2.·Vol.
1776 714 1853 761 vix
1885 712 1975 759 huc
2003 710 2192 759 faciunt.

803 846 840 896 §.
877 839 1299 887 DCCCLXIII.
1370 843 1533 885 Diaria
1563 843 1666 885 anni
1692 847 1826 898 1718.

423 945 480 992 ln
507 944 610 1003 Hist.
640 939 690 987 cle
709 937 877 986 I'Acad.
900 937 968 984 des
982 940 1166 984 Sciences
1192 942 1326 993 1718.
1359 940 1429 981 M.
1460 935 1511 981 de
1536 938 1845 994 MarAEszux
1871 938 1964 998 agit
1993 935 2047 982 de
2074 936 2346 984 animalculav

297 1010 489 1057 minimo
522 1020 594 1063 27.
622 1004 904 1050 millionibus
933 1002 1102 1047 vicium
1129 1016 1258 1045 acaro
1291 1001 1507 1053 minore,
1531 1001 1581 1046 in
1608 1016 1699 1061 quo
1727 1012 1880 1047 tamen
1908 1011 2061 1047 motus
2091 1002 2346 1048 contrarios

298 1072 531 1133 sanguinis
569 1070 737 1128 &ejus
758 1067 998 1113 circuitum
1024 1064 1199 1110 viderit.

426 1154 468 1214 J.
497 1153 801 1198 MARCHANT
830 1147 883 1192 de
920 1148 1081 1192 lacerta
1110 1145 1249 1191 cauda
1281 1144 1465 1203 duplici.
1533 1146 1646 1191 Non
1677 1146 1792 1192 bene
1812 1143 2051 1193 succeffiffe
2073 1145 2351 1206 experimen-

301 1223 425 1270 tum,
463 1232 564 1262 cum
586 1213 771 1260 caudam
794 1209 1069 1262 resecuiffet,
1104 1226 1197 1269 quo
1220 1225 1340 1254 nova
1358 1223 1652 1268 repararetur.

431 1297 636 1345 Salvator
667 1292 902 1351 Franczscm
926 1293 1194 1344 MORAND,
1243 1291 1427 1337 celebris
1466 1291 1746 1353 Chirurgus,
1800 1290 1853 1336 de
1889 1307 1978 1338 ovo
2015 1288 2268 1352 praegrandi
2299 1289 2352 1337 in

302 1360 544 1409 abdomine
569 1360 745 1421 gallinae
771 1369 963 1417 repertO.

437 1443 571 1489 IDEM
603 1442 650 1487 in
675 1442 808 1486 Me'm.
834 1438 885 1484 cle
905 1436 1076 1484 l’Acad.
1105 1447 1238 1494 1722.
1263 1435 1316 1482 de
1341 1438 1583 1488 cataracta,
1618 1436 1659 1481 ὃς
1686 1452 1736 1482 ea
1758 1433 1986 1485 occasione
2013 1434 2068 1480 de
2091 1433 2352 1481 membrana

305 1507 486 1568 propria
499 1504 763 1568 crystallinae
776 1503 909 1550 lentis
929 1536 940 1555 ,
964 1503 1005 1547 &
1020 1501 1073 1546 de
1085 1502 1242 1548 tunica
1256 1516 1386 1553 uvea,
1423 1517 1522 1560 quae
1538 1501 1635 1560 ejus
1656 1500 1787 1547 lentis
1800 1499 1960 1546 nidum
1971 1498 2117 1547 vestit.
2185 1495 2356 1559 Capsu-

307 1572 397 1618 lam
420 1569 530 1616 lenti
562 1585 639 1629 per
669 1584 791 1614 oram
819 1565 1057 1614 cohaerere.
2208 1580 2214 1589 =

436 1652 574 1698 IDEM
601 1650 654 1695 de
679 1648 972 1708 hydatidibus
998 1647 1047 1692 in
1069 1645 1314 1705 appendice
1340 1642 1494 1691 vesicae
1519 1645 1731 1691 urinariae
1759 1642 1879 1691 visis.
1946 1645 2016 1690 De
2032 1642 2191 1690 iisdem
2217 1654 2354 1701 1723.

307 1714 374 1763 Ex
389 1714 677 1776 lymphaticis
697 1711 808 1759 vasis
830 1710 1066 1771 hydatides
1082 1709 1204 1762 fieri,
1236 1712 1353 1755 inter
1375 1708 1466 1754 duo
1493 1712 1613 1768 paria
1634 1710 1919 1756 valvularum
1935 1705 2355 1771 intumescentibus·

438 1797 494 1843 In
522 1799 655 1842 Me'm.
685 1793 736 1839 de
766 1804 902 1852 1724.
936 1792 990 1838 de
1012 1789 1178 1838 offibus
1200 1788 1449 1852 spongiolis
1475 1792 1654 1836 narium
1680 1793 1730 1836 in
1760 1789 2144 1850 quadrupedibus.

445 1881 576 1924 Mem.
602 1876 653 1921 de
680 1882 815 1933 1728.
841 1875 896 1920 de
915 1865 1050 1920 saccis
1071 1870 1307 1919 odoriferis
1331 1864 1536 1924 civettae,
1573 1871 1718 1932 deque
1743 1870 1968 1932 glandulis
1992 1864 2276 1932 compositis,
2310 1868 2361 1914 in

314 1941 479 2003 quibus
503 1951 792 1999 unguentum
817 1937 1020 1999 fragrans
1045 1947 1298 2005 genera—tur.

443 2024 577 2069 Me‘m.
603 2020 654 2066 de
677 2031 829 2077 1730.¹
848 2017 992 2065 offeus
1022 2016 1217 2077 scyphus
1249 2017 1299 2062 in
1324 2018 1456 2062 oculo
1473 2046 1484 2063 ‚
1518 2017 1617 2062 loco
1641 2015 1775 2063 vitrei
1803 2013 2024 2062 humoris.

447 2105 581 2150 Μόνη.
612 2101 663 2147 de
690 2112 823 2159 1732.
860 2099 913 2146 de
936 2115 1155 2147 venarum
1188 2096 1455 2158 pulsatione.

322 2250 364 2297 Sc
450 2186 585 2294 {ll-dm.
612 2181 663 2228 de
694 2194 828 2241 1733.
860 2181 960 2228 ovis
984 2176 1235 2227 monstrosa
1266 2176 1418 2240 sepes,
1455 2195 1559 2226 cum
1593 2190 1797 2225 accurata
1828 2175 1930 2233 satis
1958 2186 2166 2222 anatome
2193 2174 2365 2224 ventris

393 2264 447 2310 pe
467 2263 551 2294 vis.
2223 2254 2226 2255 ⁷

450 2331 584 2377 fldem.
614 2325 667 2372 de
696 2336 829 2384 1735.
865 2325 919 2371 de
949 2323 1112 2376 modo,
1149 2339 1242 2382 quo
1274 2321 1485 2368 intestina
1516 2320 1693 2368 diffeeta
1717 2319 2026 2368 conferveant.

444 2413 582 2459 Me'm.
604 2407 658 2454 de
684 2412 819 2465 1736.
849 2406 903 2453 de
925 2404 1237 2452 contractione
1262 2403 1462 2456 arteriae,
1497 2419 1588 2462 qua
1608 2401 1740 2449 suurn
1763 2404 1932 2449 vulnus
1953 2399 2145 2449 claudat.

451 2492 563 2552 Hg‘sl.
588 2489 641 2536 de
670 2500 804 2547 1737.
842 2486 1072 2546 Cyprinus
1094 2500 1198 2531 vere
1227 2483 1536 2544 androgynus

452 2573 586 2619 Me'm.
620 2559 680 2618 d?
703 2580 834 2628 1739.
882 2568 949 2613 Ex
981 2565 1071 2612 suis
1109 2568 1149 2611 &
1171 2567 1229 2611 D.
1259 2566 1432 2611 ALLOV
1468 2564 1843 2612 adnotationibus
1881 2565 1935 2611 de
1977 2563 2202 2612 anatomia
2244 2560 2389 2608 hira--

328 2637 476 2690 dinis,
512 2633 661 2681 tribus
682 2631 879 2682 seriebus
906 2631 1165 2676 aculeorum
1181 2662 1192 2682 ,
1228 2629 1393 2688 quibus
1419 2626 1624 2675 trifidum
1648 2630 1817 2676 vulnus
1841 2629 2033 2691 infligit,
2068 2627 2246 2690 papilla,
2281 2641 2369 2686 qua

326 2699 470 2762 sugit,
501 2699 672 2747 cellulis
699 2695 908 2759 genuinis
931 2692 1148 2745 intestini,
1177 2692 1252 2737 ani
1273 2690 1463 2738 defectu.

458 2784 592 2828 Me'm.
622 2779 674 2826 de
700 2787 833 2837 1742.
872 2777 942 2824 Os
962 2774 1172 2836 parietale
1198 2770 1503 2819 craffiffimurn
1524 2771 1824 2835 solidumque.

462 2865 594 2907 Me'm.
620 2860 669 2907 de
694 2870 831 2919 1744.
875 2854 1122 2905 Occasione
1151 2857 1445 2902 inventorum
1477 2855 1710 2903 AUBERTl
1745 2856 1799 2902 de
1833 2853 2098 2901 ventriculis
2137 2849 2375 2898 anteriori-

334 2924 420 2974 bus
443 2924 613 2971 cerebri
635 2926 749 2984 agit,
787 2937 944 2972 eorum
963 2916 1163 2982 processu
1183 2918 1424 2978 ancyroide
1439 2951 1452 2971 ,
1488 2919 1599 2980 pede
1619 2918 1922 2981 hippocampi,
1956 2920 1997 2965 &
2023 2916 2178 2965 tunica
2199 2933 2254 2963 ex
2277 2913 2373 2961 cof-

328 3003 440 3050 pore
471 2985 636 3034 calloso
663 2989 794 3035 natis²
2238 3013 2371 3060 IDEM
