2531 3394
686 121 724 173 §.
761 124 880 180 1065
916 138 976 154 ’-
1012 76 1155 175 ῐέζε.
1218 114 1366 166 SUE.
1427 113 1753 163 CAMPER.
1829 149 1835 154 .
2161 126 2255 176 3925

186 251 381 300 Uterum
414 260 519 297 ante
551 248 846 310 injectionem
884 250 934 297 in
969 241 1166 311 frigida,⁴
1218 247 1358 308 inque
1397 242 1649 294 aluminosa
1689 261 1809 305 aqua
1846 245 2049 294 indurat.⁵
2134 248 2257 294 Cera.

183 316 535 362 HUNTERIANA
570 330 674 361 cum
697 313 841 361 refina
868 317 910 361 &
933 311 1243 362 terebinthina
1269 308 1530 371 composita.
1616 309 1682 356 Ut
1719 310 1992 357 membranae
2021 312 2073 358 de
2111 314 2252 373 reple-

182 379 240 426 tis
275 377 522 434 visceribus
550 378 679 426 acido
712 379 914 426 chemico
952 379 1128 437 liquore
1161 374 1450 422 deradantur.
1500 385 1509 389 “
1542 371 1865 421 Musculorum
1902 375 2246 424 administratio,

185 443 425 501 Siccandas
449 456 596 504 partes
623 443 746 490 crine
773 443 941 503 equino
971 440 1200 488 distendit.
1270 437 1387 485 Vasa
1414 436 1572 485 forfice
1603 436 1762 485 suadet
1791 438 2039 492 mundare,
2075 441 2247 499 pericu.

182 505 280 554 loso
299 507 618 555 instrumento.
689 507 914 554 Inflatain
925 521 1091 553 venam
1104 512 1220 558 aere,
1247 503 1438 550 distenta
1455 503 1673 556 auricula,
1698 502 1866 549 animal
1880 503 2102 549 continuo
2119 504 2245 563 perit.

312 590 388 651 EJ.
429 590 614 637 Ele'mens
639 587 690 636 de
717 576 956 649 Chirmgie„
973 588 1093 634 Paris
1117 601 1197 646 175
1214 598 1251 646 5.
1279 597 1347 633 12.
1386 584 1578 643 2.Vol.*
1643 586 1819 637 Tomus
1841 585 1876 632 I.
1920 582 2249 645 physiologiam

181 655 405 707 continet,
445 652 550 700 satis
586 653 642 700 ad
675 651 873 699 nostram
907 650 1192 698 sententiam.
1262 652 1316 698 In
1345 663 1477 698 utero
1505 648 1716 697 describit
1735 649 1828 696 duo
1854 648 2074 696 fibrarum
2100 649 2248 696 strata.

178 718 249 764 Ab
288 718 588 764 exterioribus
623 715 823 763 fasciculi
857 732 959 762 cum
1006 716 1128 763 tubis
1173 718 1215 763 δε
1256 732 1359 762 cum
1402 715 1661 776 ligamentis
1707 713 1931 761 teretibus
1970 714 2248 761 continuati.

177 782 357 828 Interni
379 782 505 827 anuli
531 781 745 827 tubarum
777 779 886 826 ostia
916 780 1151 826 ambeunt.
1223 782 1341 836 Quae
1373 777 1498 825 fibrae
1529 778 1642 825 ostio
1673 778 1795 825 uteri
1831 778 2064 839 propiores
2106 775 2245 832 sunt,

178 861 240 892 eae
274 846 457 906 oblique
479 843 759 906 descendunt
780 844 1052 897 reticulatae,
1103 846 1145 890 Sc
1172 844 1368 904 denique
1396 843 1562 889 ostium
1583 843 1706 889 uteri
1737 844 1978 896 ambeunt‚
2016 844 2064 889 in
2102 843 2247 889 circu-
2296 866 2298 868 >

177 911 273 957 lum
300 910 458 956 ductae.
531 907 748 966 Qatuor,
774 909 971 969 denique
999 907 1194 956 musculi
1222 908 1521 969 triangulares
1554 908 1683 955 intus
1708 905 1977 969 supersunt,
2004 908 2096 954 duo
2124 908 2247 968 prio.

173 990 269 1028 res,
307 973 572 1035 posteriores
593 973 700 1020 duo.

303 1057 478 1116 EJUSD.
527 1059 676 1102 Traite‘
701 1053 958 1116 d'osteologie
974 1053 1150 1102 traduit
1173 1053 1224 1100 de
1249 1058 1345 1100 Mr.
1373 1055 1610 1103 MONROO
1646 1054 1770 1101 Paris
1796 1066 1929 1113 1759.
1950 1051 2029 1100 fol.
2052 1052 2244 1103 2.V01.*

177 1119 249 1167 Ad
274 1119 504 1166 historiam
526 1130 758 1166 anatomes
783 1121 823 1165 ἃ
847 1120 1089 1165 utilitatem
1112 1119 1393 1179 cognitionis
1417 1117 1593 1165 ossium.
1651 1117 1826 1166 Multas
1849 1119 2167 1166 adnotationes
2186 1118 2247 1166 ad

174 1185 398 1233 MONR01
423 1183 621 1230 laborem
647 1183 822 1242 adjecit.
891 1184 961 1229 De
989 1184 1229 1232 SUP'JOTAE
1250 1181 1422 1229 ossibus
1449 1183 1697 1236 ernollitis3
1735 1200 1759 1229 a
1782 1181 1881 1230 salis
1906 1184 2071 1229 marini
2096 1182 2243 1230 abusu

170 1246 345 1294 saelum
372 1245 466 1293 effe.
534 1247 788 1294 Varietates
818 1245 994 1293 offium.
1066 1246 1304 1293 Costarum
1340 1263 1561 1294 numerus
1597 1250 1772 1294 auctus.
1842 1249 1911 1295 Os
1941 1245 2123 1294 humeri
2146 1260 2244 1295 ace-

172 1312 330 1359 tabulo
356 1311 651 1358 terminatum
674 1346 686 1364 ,
723 1312 773 1357 in
799 1309 978 1371 scapula
1004 1328 1086 1371 pro
1112 1328 1164 1357 eo
1183 1312 1474 1358 tuberculum
1491 1347 1504 1366 ‚
1540 1314 1582 1358 &
1611 1313 1661 1358 in
1688 1311 1808 1372 pelvi
1836 1313 2031 1359 nullum.
2102 1315 2242 1360 Acro-

169 1377 299 1422 mion
323 1377 372 1421 in
403 1375 583 1422 duobus
615 1376 781 1423 adultis
814 1375 1079 1422 hominibus
1107 1376 1369 1437 cartilagine
1393 1392 1418 1422 a
1448 1375 1629 1438 scapula
1663 1375 1921 1437 separatum
1950 1377 2081 1422 vidit.
2168 1378 2240 1424 Sic

168 1440 256 1486 alia
287 1440 434 1486 utilia.
502 1441 691 1487 Tabulae
725 1441 920 1500 denique
947 1440 1249 1500 pulcherrime
1285 1439 1501 1500 sculptae,
1538 1439 1736 1488 masculo
1766 1439 1953 1501 scalpro.
2023 1441 2111 1488 Hic
2143 1459 2240 1488 cor-

168 1504 322 1550 nicula
346 1503 646 1563 sphenoidea,
681 1507 721 1551 &
752 1503 844 1551 sola
874 1507 914 1551 Sc
941 1522 1041 1551 cum
1071 1504 1156 1550 offe
1184 1503 1414 1552 ethmoide
1437 1505 1604 1552 videas.
1672 1507 1813 1552 Porro
1846 1506 1979 1552 etiam
2007 1503 2125 1551 fctus
2151 1505 2239 1553 offa

168 1569 211 1614 ἃ
242 1565 463 1614 Γεέῖἰοηεε
489 1567 650 1615 offium
675 1571 823 1615 variae.
893 1570 1082 1617 Tabulae
1109 1581 1182 1626 31.
1233 1570 1319 1617 Hae
1341 1571 1499 1631 primae
1527 1573 1578 1617 in
1601 1571 1751 1618 Gallia
1776 1582 1891 1617 natae
1916 1568 2024 1616 sunt
2049 1571 2236 1626 majoris

167 1632 360 1694 alicujus
389 1633 536 1693 operis
560 1633 807 1680 anatomici
830 1634 1011 1681 tabulae.

295 1717 430 1763 IDEM
464 1706 710 1775 defieffione
733 1716 913 1776 Caefitrea
955 1714 1089 1763 Paris.
1111 1722 1248 1775 1763.
1277 1713 1360 1776 4*
1390 1717 1599 1764 continet
1632 1717 1834 1764 eamdem
1868 1715 2087 1765 fibrarum
2114 1717 2238 1766 uteri·

163 1778 409 1827 historiam.

140 1911 145 1912 ⁷
293 1863 348 1908 In
385 1865 519 1908 M‘e‘m.
553 1862 763 1923 presentes
798 1863 822 1907 ἁ
848 1861 1025 1910 l’Acad.
1056 1857 1164 1910 T.12
1201 1861 1254 1909 de
1282 1861 1507 1910 viscerum
1537 1864 1746 1910 omnium
1773 1862 1859 1910 situ
1891 1862 2101 1919 inverso,
2139 1866 2180 1912 &
2208 1880 2235 1911 a

163 1926 334 1973 dextris
372 1927 428 1972 ad
458 1924 629 1972 finistra
660 1925 946 1986 transposito.

292 2008 348 2054 In
380 2009 435 2055 T.
453 2008 511 2054 11.
546 2007 787 2054 incisiones
815 2008 958 2054 trium
995 2010 1234 2056 lutrarum.
1305 2007 1511 2058 Pluscula
1538 2008 1762 2057 foramina
1788 2027 1813 2058 a
1854 2010 2009 2058 dextra
2041 2011 2091 2058 in
2129 2009 2233 2059 fini-

159 2071 295 2119 stram
318 2089 473 2119 aurem
499 2073 644 2119 cordis
675 2074 890 2133 patentia.

191 2198 207 2205 7,
290 2157 464 2216 EJUSD.
502 2152 731 2202 Mensurae
760 2155 949 2215 aliaeque
968 2155 1287 2217 proportiones
1311 2157 1511 2218 partium
1531 2157 1732 2218 corporis
1756 2155 1948 2205 humani
1972 2158 2023 2205 in
2042 2154 2227 2206 diversis

159 2219 371 2266 aetatibus
388 2253 400 2272 ‚
439 2221 482 2265 ἃ
512 2217 674 2265 offium
698 2220 1040 2280 plerorumque,

287 2302 343 2348 In
364 2302 417 2348 T.
432 2301 494 2348 V.
529 2300 583 2346 de
608 2299 735 2348 fibris
767 2303 912 2356 uteri,
950 2319 1061 2362 quas
1090 2304 1224 2348 etiam
1243 2303 1353 2350 dicit
1369 2303 1419 2349 in
1433 2303 1617 2350 Ele'mens
1643 2303 1694 2350 de
1723 2302 1954 2364 Chirurgie.
2025 2304 2228 2351 Primum

159 2365 344 2425 aliquae,
378 2363 470 2411 fere
497 2366 552 2410 ad
577 2363 731 2411 vesicae
764 2366 969 2420 modum,
1003 2365 1136 2425 supra
1158 2364 1378 2414 fornicem
1416 2366 1675 2427 supremum
1700 2369 1819 2414 uteri
1844 2369 1898 2414 ab
1924 2369 2228 2415 anterioribus

159 2429 215 2475 ad
245 2429 510 2489 posteriores
537 2443 792 2490 propagatae
810 2449 827 2481 3,
874 2431 969 2476 aliae
995 2429 1095 2476 istas
1121 2429 1397 2479 decuffantes
1426 2432 1641 2494 obliquae.
1711 2434 1795 2479 Hae
1822 2433 2079 2478 exteriores.
2150 2433 2226 2477 Al-

157 2506 306 2540 terum
333 2493 521 2540 stratum
550 2491 641 2539 fere
674 2493 827 2540 simile.
897 2495 1096 2541 Interius
1123 2495 1292 2542 iterum
1317 2507 1514 2556 quatuor
1535 2495 1731 2543 musculi
1759 2498 2056 2557 triangulares
2076 2514 2090 2548 3
2128 2496 2231 2541 duo-

119 2574 122 2577 ·
156 2558 234 2604 alii
260 2573 314 2603 ex
339 2556 461 2605 ostiis
486 2556 702 2604 tubarum
732 2559 967 2620 propagati
993 2560 1043 2605 in
1069 2558 1270 2606 medium
1292 2575 1489 2608 uterum.
1559 2562 1751 2622 Propius
1779 2578 1829 2608 os
1855 2559 1978 2608 fibrae
2008 2559 2222 2606 horizon-

154 2622 266 2669 tales
289 2620 411 2670 sunt.

714 2735 764 2794 ἕ..
795 2737 1133 2786 MLXVHI,
1233 2743 1381 2788 Petrus
1409 2741 1652 2794 CAMPER,

287 2833 504 2882 Professor
518 2833 935 2882 Amstelodamenfls
950 2869 962 2888 ‚
987 2834 1092 2881 inde
1108 2837 1437 2900 Groningenfis
1452 2873 1462 2892 ‚
1487 2838 1726 2899 chirurgiae
1743 2839 1785 2882 ἃ
1808 2847 2042 2883 anatomes
2061 2836 2229 2897 peritia

160 2896 319 2949 clarus,
347 2903 499 2961 magni
512 2901 779 2961 viringenii.
849 2899 885 2945 E
891 2914 927 2960 J.
962 2899 1221 2961 Disputatio
1235 2904 1498 2964 inungui-all}
1503 2909 1648 2963 prima
1664 2902 1715 2946 de
1729 2901 1821 2960 vifit
1841 2901 1965 2947 Leid.
1990 2908 2118 2961 1746.
2135 2899 2227 2961 4*

161 2959 302 3009 Oculi
326 2975 574 3013 anatomen
599 2966 797 3027 opticam
827 2964 1034 3014 eontinet
1052 2998 1071 3020 ,.
1101 2967 1267 3012 mentis
1298 2967 1351 3012 de
1378 2968 1563 3027 objectis
1592 2965 1763 3028 judicia
1794 2966 1836 3013 ἃ
1865 2981 2053 3014 errores.

1190 3049 1237 3097 D
1260 3047 1287 3095 d
1322 3048 1349 3096 d
1383 3060 1414 3097 ,2
2135 3048 2219 3110 Eg}
