2531 3394
540 128 586 188 ς.
627 141 747 192 1250
784 157 847 167 -
888 142 1025 193 1292.
1092 133 1142 180 P.
1177 130 1544 181 MOSCATI.
1613 133 1895 185 GOUAN.
2146 143 2239 194 669

187 277 330 312 meam
347 258 400 309 de
414 256 612 309 insenfili
627 263 922 323 quarumdam
937 263 1132 324 partium
1146 262 1347 320 corporis
1361 258 1550 308 humani
1563 274 1725 310 natura
1741 263 2009 312 sententiam
2031 284 2100 314 me
2112 268 2233 316 dicat

185 324 438 378 revocaffe3
479 342 578 385 quae
606 327 789 386 quidem
817 343 1051 386 nunquam
1081 340 1177 371 mea
1202 341 1328 371 mens
1355 323 1458 371 fuit.
1530 325 1615 373 Sed
1641 327 1696 372 ad
1726 328 1874 374 virum
1905 330 2234 378 illustrem‘uti.

185 407 274 450 que
302 388 629 450 rescripseram,
667 389 782 451 pofl'e
808 389 938 450 super
966 388 1200 436 tendinem
1240 404 1406 436 nervos
1441 388 1700 444 decurrere,
1732 392 1811 450 qui
1847 391 2073 448 sentiant,
2109 413 2234 443 eum-

185 470 272 514 que
302 452 484 500 sensum
517 455 697 500 tendini
723 453 879 500 tribui.
2186 461 2188 463 ’

311 535 465 596 Angeli
487 535 714 581 FABRONI
753 538 955 582 Virorum
982 531 1194 580 Italorum
1221 532 1416 581 doft'rina
1451 535 1760 589 excellentium,
1801 536 2026 596 quisivculo
2061 543 2230 588 XVIII.

177 598 427 660 floruerunt
451 598 572 645 decas
600 600 634 644 l.
668 598 723 643 ad
754 598 809 643 V.
869 598 1158 650 VALSALVA‚
1192 600 1489 651 LAN0181us‚
1526 600 1940 653 Gultisstmmus‚
1980 604 2234 651 MORGAG..

188 675 311 716 NUS,
347 664 612 711 BORELLUS
634 695 646 714 ‚
680 662 955 714 Bssrrmus,
992 662 1193 714 Remis,
1230 663 1322 716 alii,
1362 663 1519 709 Romae
1541 674 1675 722 1770.
1707 666 1748 710 &
1774 662 1891 724 seqq.
1931 665 2006 719 8.*

319 745 538 802 cajetanus
557 744 787 790 RUBERTI
812 741 954 788 edidit
979 743 1176 802 Neapoli
1206 755 1339 801 1770.
1364 742 1443 797 8.*
1487 749 1660 790 Lettertz
1679 744 1840 803 scritta
1869 763 1895 791 a
1921 751 1938 791 i
1963 748 2162 808 novellisti
2188 748 2233 792 di

193 810 373 856 Firenza
402 813 572 853 intorno
599 807 675 851 alle
699 805 953 867 opposta-zoni
975 805 1032 851 da
1062 808 1123 851 lui
1150 805 1268 867 fatte
1296 824 1322 853 a
1362 812 1467 853 certi
1493 813 1589 868 capi
1618 808 1718 854 delle
1739 808 1816 866 fixe
1844 807 2122 870 offirvazioni
2156 810 2234 855 dal

185 871 389 917 moi-hillo.
456 868 652 917 Mirifice
691 870 922 915 volatilem
962 882 1168 915 naturam
1205 870 1347 930 adipis
1378 869 1569 916 humani
1596 870 1832 926 describit,
1877 874 1957 934 qui
1992 875 2045 921 de
2077 871 2234 922 clausis

185 933 347 996 phialis
372 949 448 996 per
471 949 632 995 poros,
667 946 719 980 ut
742 944 870 995 putat
891 967 904 987 ‚
942 934 1052 980 vitri
1072 935 1250 987 avolet,
1280 950 1359 994 per
1380 933 1685 995 experimenta
1712 933 1805 983 sua.

903 1061 948 1120 ς.
985 1065 1037 1112 Μ
1055 1064 1273 1112 CCLII.
1377 1064 1505 1114 Galli.

315 1161 357 1223 J.
382 1161 430 1208 F.
453 1161 533 1207 DU
555 1160 695 1211 FOUR
722 1158 836 1222 effais
854 1160 936 1219 sur
958 1161 1014 1207 les
1045 1163 1284 1223 ope'rations
1309 1160 1362 1207 de
1392 1161 1722 1209 l’entendement
1746 1160 1917 1212 humain
1937 1199 1950 1220 ‚
1993 1165 2052 1224 ἓξ
2065 1167 2150 1228 sur
2179 1167 2237 1215 lex

186 1226 392 1272 maladies
418 1230 490 1285 qui
511 1224 548 1270 le
574 1224 807 1286 (le'rangent
841 1225 962 1271 Paris
987 1239 1004 1270 Ι
1014 1238 1123 1283 770.
1161 1236 1234 1277 12.
1271 1226 1426 1272 2.V01.

314 1313 371 1353 Le
397 1306 567 1353 CLEnc
591 1305 643 1351 de
667 1307 960 1353 Monoleum
990 1305 1228 1360 advocati,
1263 1310 1413 1368 Epitre
1441 1309 1468 1352 ἁ
1500 1311 1574 1360 M.
1605 1307 1767 1356 ΡΕΤιΤ
1803 1321 1940 1370 1770.
1974 1315 2015 1365 8.
2044 1320 2231 1374 poema,

187 1372 237 1416 in
262 1387 353 1430 quo
375 1370 524 1428 aliqua
550 1381 758 1415 anatome
788 1372 826 1415 ἃ
853 1368 1148 1430 physiologia.
2023 1373 2026 1376 ’

311 1452 380 1498 Μ.
412 1451 461 1497 L.
487 1451 533 1495 B.
563 1453 623 1515 D.
650 1452 702 1497 C.
734 1455 926 1497 memoire
946 1451 1029 1510 sur
1051 1451 1107 1497 les
1130 1449 1259 1498 haras
1293 1451 1488 1500 Utrecht
1513 1465 1649 1512 1770.
1689 1454 1822 1506 video
1843 1422 2032 1505 laudari.

313 1533 558 1580 RICHARD
586 1530 749 1592 histoire
777 1532 984 1578 natm-elle
1013 1531 1065 1577 de
1099 1533 1200 1579 l'air
1246 1534 1368 1580 Paris
1396 1547 1530 1593 1770.
1561 1547 1630 1581 12.
1669 1536 1774 1583 Vol.
1801 1537 1908 1584 12.*
1973 1540 2239 1599 Compilati-

188 1596 304 1644 tium
333 1599 372 1642 ὃς
400 1594 720 1655 ampliffimum
747 1612 876 1654 opus.
946 1597 1110 1655 Aliqua
1136 1596 1226 1643 huc
1251 1596 1428 1645 referas.
1499 1600 1570 1645 De
1593 1600 1725 1659 nigro
1751 1601 2026 1661 Aethiopum
2052 1605 2202 1650 colore
2220 1637 2234 1658 ‚

189 1662 269 1721 qui
296 1673 448 1706 tamen
485 1661 538 1705 ab
569 1659 676 1704 :estu
708 1657 813 1705 solis
841 1657 906 1705 sit.
975 1660 1057 1705 Per
1087 1676 1232 1706 aerem
1255 1662 1497 1721 particulas
1524 1664 1756 1722 organicas
1780 1664 2027 1713 BUFFONH
2047 1668 2239 1713 circum·-

187 1725 401 1776 volitare‚
437 1740 509 1770 eas
529 1724 577 1769 in
609 1723 784 1782 plantas
814 1722 925 1768 &in
944 1723 1154 1769 animalia
1181 1724 1520 1772 convalescere:
1569 1727 1794 1786 inquietas
1825 1729 2052 1783 oberrare,
2091 1730 2239 1777 donec

188 1785 257 1834 sui
280 1786 440 1834 similes
467 1789 631 1839 nactae,
650 1805 653 1807 ·
675 1802 775 1831 cum
805 1786 860 1832 iis
890 1785 1198 1834 conferveant.
1237 1814 1247 1816 -
1292 1789 1417 1834 Inter
1448 1789 1526 1836 has
1560 1805 1684 1835 nunc
1715 1792 1959 1849 quietiores
1995 1795 2240 1854 particulas

190 1851 297 1897 alias
326 1849 407 1896 sibi
439 1852 586 1897 locum
615 1865 793 1910 parare,
830 1866 982 1895 earum
1005 1851 1069 1896 ita
1098 1867 1299 1912 pugnam
1328 1850 1472 1904 nasci,
1505 1855 1546 1898 Sc
1567 1853 1810 1905 morbum3
1848 1855 1897 1901 in
1921 1869 2114 1903 mortem
2146 1857 2241 1904 abi-

189 1925 346 1962 turum
364 1945 373 1960 ‚
408 1912 440 1960 fi
470 1913 807 1975 peregrinarum
832 1915 1155 1973 particularum
1185 1931 1234 1960 ea
1260 1913 1399 1962 fuerit
1423 1914 1610 1962 felicitas
1627 1943 1640 1962 ⁹
1674 1929 1727 1963 ut
1753 1915 1976 1978 superent.

319 1997 562 2043 MALVOEU
585 1994 777 2056 presaga
803 1994 854 2040 de
877 1995 920 2041 la
937 1996 1062 2055 sante‘
1079 2029 1091 2048 ,
1122 1995 1195 2041 des
1218 1997 1421 2044 maladies
1440 1996 1532 2054 &a
1569 1997 1690 2044 Paris
1714 2012 1847 2056 1770.
1879 2005 1981 2048 123l<
2015 1999 2240 2061 physiolo-

189 2060 288 2123 g'1ca
315 2060 448 2106 etiam
475 2060 527 2105 de
562 2057 692 2119 pulsu
713 2058 846 2105 habet
863 2092 875 2112 ,
914 2059 967 2104 de
992 2060 1175 2105 animali
1205 2062 1378 2115 calore,
1416 2062 1469 2107 de
1493 2063 1875 2122 temperamentis.

314 2146 500 2189 Antoine
524 2142 736 2194 GOUAN‚
785 2138 1042 2186 Profefforis
1080 2140 1423 2201 Monspeiienfis
1468 2145 1509 2190 St
1540 2144 1695 2190 eximii
1732 2145 1986 2203 plantarum
2025 2147 2237 2201 cultoris,

188 2203 360 2265 historia
384 2206 592 2267 piscium,
620 2203 758 2264 sistens
781 2220 924 2249 eorum
953 2216 1176 2250 anatomen
1199 2210 1440 2259 internam,
1477 2219 1724 2259 externam,
1756 2225 1914 2268 genera
1952 2215 2239 2270 Argentorati

197 2281 333 2326 1770.
361 2277 435 2328 4*
504 2270 724 2316 Anatome
746 2268 911 2326 aliqua.
980 2268 1278 2328 cartilagines
1302 2271 1458 2329 capitis
1483 2273 1533 2316 in
1564 2270 1756 2329 piscibus
1786 2284 1936 2318 amant
1959 2273 2235 2324 conferrere.

192 2331 336 2379 Pisces
363 2348 509 2391 neque
533 2331 716 2378 auditus
740 2329 924 2377 officula
945 2330 1131 2384 habere,
1169 2348 1314 2391 neque
1344 2334 1504 2380 auditu
1522 2332 1626 2380 frui.
1695 2334 1931 2382 Musculos
1951 2338 2140 2395 majores
2165 2337 2239 2383 de.

186 2394 362 2441 scribit.
431 2397 594 2441 Pinnas
622 2396 791 2440 alterne
819 2392 898 2440 fibi
920 2393 1163 2440 subvenire
1199 2410 1409 2455 expertus
1435 2397 1495 2442 est
1514 2431 1526 2450 ‚
1568 2413 1671 2444 cum
1699 2414 1850 2445 earum
1881 2400 2050 2458 aliquas
2077 2399 2240 2446 reseca.

192 2470 275 2505 ret.
362 2456 517 2504 Vesica
551 2466 678 2503 aerea
713 2458 911 2503 bilobata
947 2459 1082 2503 etiam
1112 2461 1152 2504 &
1177 2460 1388 2506 trilobata
1412 2460 1498 2514 est,
1548 2463 1589 2507 ὃς
1626 2460 1992 2522 iisoesophagum
2022 2464 2237 2522 aperitur,

194 2520 430 2569 Omnibus
457 2518 650 2581 piscibus
678 2518 800 2566 suain
826 2519 1064 2566 vesiculam
1089 2519 1266 2568 felleam
1297 2522 1378 2569 effe
1396 2557 1409 2576 ,
1457 2522 1579 2570 suam
1612 2527 1859 2572 urinariam
1887 2524 2086 2571 vesicam.
2156 2528 2240 2575 La-

195 2588 314 2637 Ctes;
352 2588 520 2631 ovaria.
587 2585 750 2630 Penem
787 2583 936 2629 noster
966 2600 1062 2629 non
1095 2587 1275 2644 reperit.
1363 2588 1533 2647 Ligatis
1562 2587 1790 2634 branchiis
1822 2589 1985 2634 animal
2018 2602 2236 2649 aegrotat,

121 2655 145 2690 ‘s
194 2651 450 2710 periturum
472 2645 555 2693 nisi
581 2648 763 2693 vincula
788 2663 1032 2694 removeas.
1103 2648 1358 2697 Confluxus
1392 2652 1583 2698 duarum
1612 2668 1876 2712 magnarum
1900 2648 2177 2699 arteriarum.

325 2730 607 2792 JOHANNET
638 2727 695 2774 les
723 2727 830 2774 Izates
858 2732 1000 2774 mieux
1031 2747 1206 2776 connues
1247 2731 1368 2778 Paris
1394 2744 1528 2790 1770.
1563 2743 1633 2778 12.
1675 2730 1868 2778 2.Vol.*
1933 2733 2018 2778 Pro
2045 2734 2243 2781 CARTE-

192 2807 306 2847 310,
337 2794 547 2839 animalia
568 2808 707 2839 meras
735 2790 814 2837 effe
842 2791 1088 2845 machinas,
1114 2810 1261 2853 neque
1280 2796 1443 2841 animae
1468 2797 1744 2854 incorporea:
1766 2795 2015 2855 participes.
2055 2798 2117 2843 Ut
2131 2796 2244 2844 oeso-

197 2855 374 2917 phagus
400 2859 441 2903 &
468 2857 749 2904 ventriculus
777 2853 819 2900 se
846 2854 1082 2901 necessario
1107 2857 1360 2911 contrahit,
1391 2859 1572 2918 quando
1593 2860 1793 2904 irritatus
1813 2857 1922 2911 fuit,
1953 2859 2018 2906 ita
2039 2861 2145 2908 alias
2168 2862 2244 2908 be-

198 2918 383 2968 stiarum
410 2923 609 2971 actiones
643 2936 698 2967 ex
729 2917 985 2966 necestitate
1007 2918 1186 2967 fabricae
1213 2919 1352 2981 sequi.
1421 2923 1581 2982 Neque
1611 2923 1778 2969 animal
1805 2921 1982 2970 sentire.

1168 3017 1258 3079 Pp
1293 3035 1376 3079 pp
1414 3029 1437 3074 3
2148 3018 2247 3069 Phi.
