2531 3394
277 106 372 162 406
551 99 557 100 f
665 102 804 150 ΜΒ.
854 55 955 156 ιχ.
1027 95 1453 150 ANATOMES
1508 96 1954 150 PERFECTIO.
2039 107 2042 109 ·

273 268 278 270 ἡ
405 231 528 279 octo
565 233 804 282 volumina
838 232 970 280 diarii
998 231 1140 279 edidit
1182 227 1437 290 Friinkische
1464 229 1762 291 Sammlungen
1787 247 1872 277 von
1900 230 2229 296 Anmerkungen
2258 232 2338 282 der

279 294 579 351 Naturlehre,
617 296 1074 361 Arzneygelahrtheit,
1102 294 1385 348 'Oeconomie‚
1415 293 1507 342 und
1533 293 1673 340 damit
1689 290 1970 343 verwandten
1991 296 2363 361 Wzffimschaften‘

278 362 337 409 T.
350 362 386 408 Ι.
423 361 666 424 Noriberg.
689 375 824 422 1755.
859 363 934 416 8.*
999 361 1164 420 Aliqua
1188 357 1262 406 hic
1282 358 1336 405 de
1358 359 1553 406 circuitu
1573 356 1806 419 sanguinis
1836 358 1887 405 in
1904 360 2042 413 ranis.
2110 364 2338 411 Globulos

277 423 550 486 sanguineos
578 426 822 488 angulosos
838 424 986 473 visos:
1020 425 1193 470 nullam
1220 421 1262 469 se
1289 422 1620 482 oscillationem
1642 420 1796 468 vidisse
1825 424 1908 470 &a
1976 424 2046 470 De
2066 427 2336 489 androgyno

277 491 540 538 DROUART
562 509 573 537 :
609 507 691 551 pro
720 489 887 537 semina
910 488 1059 535 noster
1083 486 1234 535 habet.
1303 489 1373 534 De
1399 486 1530 534 sensu
1552 489 1601 533 in
1627 485 1757 533 fascia
1788 488 1877 533 lata
1899 484 1996 535 viso
2031 490 2198 549 (qui—a
2223 508 2337 553 prac-

281 565 488 601 tereunte
527 571 670 602 nervo
704 555 857 615 potuit
897 566 1025 599 ortus
1065 550 1252 607 fuiffe).
1346 551 1616 598 Membrana
1656 549 1817 611 sponte
1864 568 1920 598 ex
1960 549 2179 613 sanguine
2216 567 2345 604 nata.

276 618 433 679 Equos
462 630 615 665 tamen
639 635 835 666 vomere.
905 619 1013 663 Duo
1038 616 1199 663 vitales
1225 614 1344 662 fetus
1370 614 1542 677 septem
1567 613 1788 662 mensium
1820 616 2062 663 intervallo
2092 618 2203 664 nati.

411 701 468 748 T.
493 701 550 747 II.
569 700 632 747 ib.
655 712 789 758 1757.
811 706 851 753 8.
881 699 1050 745 Iterum
1067 715 1147 759 pro
1166 697 1346 744 vomitu
1359 698 1478 758 equi.
1521 698 1609 745 Hic
1625 697 1787 745 &alibi
1801 695 1900 744 fasti
1916 701 2203 754 emortuales‚
2227 717 2341 761 quo-

277 780 381 812 rum
412 765 553 824 aliqui
574 762 738 812 vitiofi.
806 763 1068 809 Puellarum
1097 774 1399 809 connatarum
1434 773 1662 810 anatome.
1734 762 1988 823 Giganteus
2023 763 2205 824 juvenis
2237 767 2340 812 Ma-

277 827 410 890 grath
434 831 535 875 ocsto
565 829 746 890 pedum.
814 828 930 874 Puer
957 825 1137 873 saccum
1165 824 1473 886 semiperfecto
1500 828 1653 884 puello
1680 828 1867 887 plenum
1893 827 1947 874 de
1984 826 2117 875 dorso
2147 829 2340 876 circum-

276 891 465 954 gestans.
535 892 738 953 Vapores
766 891 818 937 de
844 908 1031 952 corpore
1058 889 1262 937 humano
1288 889 1652 938 inflammabiles.

405 975 460 1021 T.
479 975 563 1025 III.
592 980 724 1031 1758.
760 972 838 1027 85*
904 974 1079 1020 Duram
1111 985 1299 1020 matrem
1333 973 1488 1019 cranio
1512 989 1608 1020 non
1635 973 1875 1020 adhaerere.
1947 973 2121 1021 Contra
2154 975 2336 1024 ASCHII

276 1038 330 1085 de
359 1038 619 1085 vermiculis
644 1036 935 1084 seminalibus
959 1038 1240 1097 opinionem.
1309 1037 1379 1082 De
1399 1035 1574 1096 hepatis
1597 1036 1925 1085 deformatione
1950 1039 2257 1093 memorabili,
2294 1042 2337 1087 &

277 1118 496 1163 magnum
530 1101 682 1162 hepar.
750 1104 821 1148 De
844 1101 1221 1149 reviviscentibus
1247 1101 1512 1162 anguillulis
1537 1103 1728 1164 glutinis
1756 1101 1987 1150 farinacei.
2073 1103 2247 1151 Contra
2275 1104 2337 1151 ir-

274 1167 608 1219 ritabilitatem,
647 1167 776 1213 nullo
801 1164 920 1213 facto
942 1168 1268 1227 experimento,

403 1249 459 1295 T.
475 1248 556 1294 IV.
590 1260 725 1320 1759.
754 1246 834 1303 8.*
899 1249 1108 1295 Palatum
1139 1245 1347 1295 divisum.
1417 1248 1618 1296 Canities
1651 1246 1815 1297 subita.

402 1331 458 1378 T.
481 1330 538 1376 V.
574 1338 708 1389 1760.
736 1332 812 1384 8.*
878 1331 1191 1384 Animalcula,
1228 1347 1328 1390 quae
1356 1331 1708 1379 NEEDHAMIUS
1743 1332 1792 1378 in
1825 1333 1924 1393 jure
1960 1333 2015 1379 ab
2058 1333 2185 1380 omni
2222 1333 2337 1381 a'eris

274 1395 546 1443 commercio
570 1392 740 1441 secluso
770 1394 971 1448 viderat,
1012 1393 1091 1440 effe
1118 1394 1330 1441 bullulas.
1398 1393 1703 1443 BUFFONIUM
1743 1413 1839 1442 non
1874 1398 2058 1457 optimis
2092 1396 2225 1446 usum
2254 1399 2339 1445 mi-

275 1458 529 1519 croscopiis.
597 1459 683 1505 Pro
709 1460 891 1506 vomitu
914 1475 1152 1519 equorum.
1221 1457 1525 1506 Brachiumin
1552 1459 1677 1506 sacco
1706 1460 1759 1506 de
1785 1462 1914 1521 pueri
1939 1459 2070 1508 dorso
2096 1461 2330 1523 gestatum.

271 1525 660 1572 LEDERMULLER
696 1523 750 1569 de
780 1539 913 1570 cavea
946 1524 996 1569 in
1034 1523 1187 1569 nervis
1213 1521 1321 1569 visa.
1391 1524 1459 1570 Cl.
1487 1524 1540 1570 de
1571 1525 1830 1572 SAUVAGES
1853 1526 2206 1572 obstruCtionem
2237 1542 2335 1572 non

271 1586 415 1634 facere
434 1587 484 1634 in
503 1585 594 1634 suis
625 1585 737 1634 valis
759 1598 1002 1634 tumorem.
1072 1586 1266 1634 Globuli
1284 1585 1523 1649 sanguinei
1544 1591 1693 1636 ovales
1707 1587 1801 1635 visi.
1871 1591 2043 1637 Iterum
2059 1590 2126 1636 Cl.
2148 1590 2201 1636 de
2218 1590 2336 1637 ΒΑΗ-

273 1665 433 1700 VAGES
459 1653 500 1698 &
528 1652 725 1700 DELIUS
757 1663 918 1699 contra
940 1653 1312 1700 SCHRElssERUM
1340 1669 1423 1713 pro
1451 1653 1612 1699 animae
1636 1653 1844 1714 imperio.
1913 1655 1983 1700 De
2009 1654 2058 1701 vi
2076 1655 2333 1702 contradiili

271 1728 550 1764 arteriarum».

404 1800 458 1846 T.
473 1799 555 1845 VI.
586 1804 722 1858 1762.
752 1800 824 1853 8.*
889 1799 1039 1847 Muris
1068 1800 1110 1845 &
1137 1800 1305 1861 unguis
1331 1801 1462 1860 talpae
1484 1799 1704 1861 imagines
1734 1817 1815 1861 pro
1837 1801 1977 1848 naevis
2009 1802 2050 1848 &
2079 1799 2334 1861 sympathia

275 1861 560 1909 hereditaria.
638 1861 865 1910 Perfecitus
896 1866 1019 1910 intra
1053 1876 1243 1910 matrem
1284 1865 1497 1924 gallinam
1536 1865 1702 1924 pullus.
1772 1866 1828 1911 In
1856 1866 2032 1925 liquore
2066 1865 2251 1912 decoeto
2289 1868 2332 1913 ὃς

274 1927 362 1972 rite
394 1927 447 1972 ab
476 1935 573 1974 aere
605 1925 780 1974 servato
807 1940 958 1974 tamen
984 1929 1254 1974 animalcula
1274 1941 1394 1975 nata.
1466 1929 1607 1976 Oculi
1632 1929 1682 1975 in
1701 1930 1912 1991 anguillis
1931 1931 2056 1976 oollae
2080 1927 2329 1977 farinacea.

274 1989 382 2041 Offa
401 1989 520 2037 fetus
552 2008 627 2051 per
648 2008 786 2038 anum
810 1993 944 2040 edita.

399 2072 454 2119 T.
471 2072 574 2118 VII.
613 2080 744 2132 1765.
768 2072 845 2127 8.*
880 2075 950 2121 De
972 2075 1231 2121 vermiculis
1256 2073 1572 2128 seminalibus,
1612 2091 1768 2122 omnes
1797 2076 2011 2123 caudatos
2030 2074 2137 2128 effe3
2176 2076 2330 2122 vivere

274 2135 330 2184 ad
360 2148 564 2196 quartam
590 2136 762 2184 horam.
832 2139 899 2185 Ex
926 2139 1164 2199 putredine
1188 2140 1406 2200 producta
1434 2141 1718 2186 animalcula.
1789 2138 2045 2187 Officulum
2072 2142 2121 2185 in
2154 2140 2327 2187 ovatio,

271 2200 580 2260 Androgynus
609 2202 870 2249 DROUART
899 2220 980 2263 pro
1008 2205 1107 2249 viro
1135 2220 1259 2250 nunc
1283 2203 1523 2264 adgnitus,
1561 2205 1636 2250 cui
1655 2203 1748 2251 fiffa
1779 2203 1978 2252 urethra.
2047 2205 2215 2250 Vetula
2250 2219 2329 2264 per

271 2265 475 2310 triduum
506 2280 586 2325 pro
615 2278 797 2312 mortua
819 2265 998 2320 habita,
1034 2266 1232 2314 senlibus
1259 2268 1466 2333 integris.

401 2347 454 2393 T.
471 2347 597 2392 VIII.
626 2354 760 2405 1768.
792 2348 870 2401 8.*
938 2348 1077 2395 Redit
1104 2348 1177 2395 hic
1202 2348 1290 2395 diff.
1331 2350 1384 2396 de
1415 2350 1514 2396 ovis
1541 2350 1851 2397 muliebribus.
1939 2351 2008 2397 Cl.
2041 2351 2242 2398 GESNER
2271 2349 2326 2397 de

271 2409 356 2456 hile
378 2427 389 2456 ε
426 2410 504 2456 diu
530 2408 703 2457 servata
729 2411 964 2458 moschum
993 2414 1154 2473 utique
1183 2415 1286 2460 olet.
1358 2414 1590 2461 Putridam
1616 2429 1766 2461 tamen
1791 2431 1987 2461 amaram
2015 2414 2110 2462 effe.

393 2492 452 2541 In
476 2490 643 2553 Ephem.
667 2497 779 2539 Nat.
811 2497 908 2541 Cur.
936 2493 1023 2541 Vol.
1046 2494 1174 2542 VIII.
1207 2493 1288 2555 obſs
1307 2504 1410 2543 106.
1450 2497 1517 2544 Cl.
1537 2498 1726 2544 DELIUS
1757 2497 1811 2544 de
1831 2499 1971 2545 uvula
1997 2497 2180 2558 duplici.

402 2574 498 2634 Obs.
527 2587 629 2633 107.
666 2586 817 2621 ureter
845 2574 1027 2634 duplex.

396 2662 518 2704 Nov.
541 2657 637 2703 Αὲἴ.
659 2661 774 2704 Nat.
807 2659 907 2704 Cur.
941 2657 1032 2704 Vol.
1052 2657 1084 2703 I.
1113 2657 1194 2717 obſs
1219 2670 1294 2718 24.
1340 2660 1608 2708 Secundinae
1631 2660 1726 2709 sero
1754 2659 1919 2723 absque
1950 2676 2072 2707 noxa
2100 2657 2287 2708 eductae.

404 2738 491 2787 Vol.
511 2739 568 2785 II.
605 2739 749 2792 naevi,
786 2750 839 2785 ut
859 2749 1013 2798 putat,
1052 2739 1192 2799 aliqui
1215 2742 1421 2789 materni.

396 2820 470 2880 EJ.
515 2818 696 2868 Theoria
723 2825 936 2882 appetitus
968 2820 1148 2881 Erlang.
1172 2834 1306 2879 175o.
1334 2825 1413 2880 4*

394 2902 468 2961 EJ.
508 2907 619 2951 Vena
648 2920 757 2950 cavat
787 2920 897 2949 vena
923 2902 1134 2949 malorum
1173 2915 1311 2961 1751.
1348 2901 1431 2963 4*

396 2982 472 3042 EJ.
512 2987 703 3032 cicatrix
734 2982 793 3044 ἐξ
816 2985 943 3040 callus
970 2985 1066 3035 idea
1093 2989 1348 3037 nutritionis
1379 2987 1558 3052 Erlang.
1586 2999 1722 3051 1755.
1750 2987 1828 3048 4.*
1893 2988 2212 3052 Experimenta
2243 2990 2321 3035 ali-

271 3062 360 3109 qua
381 3046 512 3095 rubia
541 3045 673 3098 faeta.
2242 3053 2320 3116 EJ.
