2531 3394
271 95 367 145 714
664 86 799 134 LIB.
843 89 940 134 IX.
1005 86 1428 136 ANATOMES
1485 86 1937 142 PERFECTIO.

403 181 472 229 LE
504 182 673 231 CLERc
703 183 950 246 graviditas
985 192 1057 241 18.
1087 199 1330 231 annorum.
1829 244 1832 245 ⁷

402 263 701 313 DUCHANOY
735 266 875 315 tendo
898 266 1084 315 Achillis
1106 264 1271 326 absque
1295 264 1452 313 dolore
1475 278 1654 329 ruptus.
1724 269 1796 317 Sic
1816 262 2206 337 MONTBALLON.

401 344 459 392 In
480 345 680 408 ejusdem
706 348 837 397 diarii
860 351 916 397 T.
932 348 1098 397 XLIV.
1129 347 1182 394 de
1207 347 1320 395 dura
1347 359 1490 396 mater
1520 348 1744 405 insensili,
1775 367 1882 399 cum
1907 353 2078 400 acicula
2103 367 2328 415 compun-

274 420 456 472 geretur
471 444 485 464 ‚
524 424 620 459 erat
644 426 796 461 autem
822 411 1060 460 saniffima.
2047 434 2050 435 ⁷

406 495 645 542 ALLOUEL
670 498 791 542 oculi
817 494 1009 557 figuram
1032 509 1129 540 non
1153 492 1271 554 poffe
1291 511 1315 541 a
1335 491 1556 555 preffione
1584 498 1734 557 aliqua
1762 498 1944 551 mutari,
1975 510 2029 544 ut
2049 496 2093 543 se
2107 498 2161 544 ad
2185 515 2328 549 remo-

275 557 418 611 tiora,
452 573 531 604 aut
557 560 611 605 ad
641 561 875 620 propiora,
916 559 1088 619 objec'ia
1117 558 1456 611 accommodet3
1494 561 1733 608 minimam
1759 562 1878 608 enim
1903 561 2171 623 pressionem
2200 561 2331 609 visio-

275 636 380 666 nem
408 620 553 668 facere
581 624 819 683 duplicem.

405 707 584 751 Extrait
606 705 677 750 des
697 709 930 759 Journaux
960 715 1088 763 1774.
1115 705 1243 751 Febr.
1294 704 1471 767 Lingua
1500 704 1680 760 resecta,
1704 718 1758 754 ut
1784 722 1943 767 parum
1977 706 2032 753 de
2059 723 2110 754 ea
2134 705 2331 768 superes-

275 764 366 822 set,
406 768 584 828 loquela
610 781 762 814 tamen
800 768 895 828 post
929 775 982 821 18
1016 767 1188 815 menses
1213 769 1348 816 rediit
1368 804 1379 823 ,
1419 772 1460 816 &
1489 768 1677 818 facultas
1708 770 2002 832 deglutiendi.

404 849 521 897 Bufo
548 851 680 897 vivus
708 852 826 897 intra
852 851 1019 897 durum
1041 852 1233 911 lapidem
1260 850 1476 899 inclusus.
1545 853 1638 899 Alii
1670 852 1866 900 bufones
1887 854 1938 900 in>
1959 851 2148 914 gypsum
2170 852 2329 900 inclusi

279 912 457 960 duobus
484 912 713 961 mensibus
736 915 966 961 vixerunt.

409 996 466 1041 In
489 993 829 1057 Abhandlungen
856 996 934 1042 der
962 996 1369 1057 nczturforschenden
1401 997 1662 1062 Gfillfthafl
1699 1000 1847 1046 Berlin
1869 1010 2000 1057 1775.
2028 997 2105 1054 8.ἱίν
2150 1000 2329 1046 Animal

276 1057 649 1118 microscopicum
683 1061 805 1120 quod
832 1059 1048 1113 finditur,
1084 1064 1123 1107 ὃ(
1153 1079 1207 1107 ex
1229 1064 1369 1108 cauda
1392 1062 1435 1109 se
1466 1065 1752 1124 multiplicat.
1821 1064 1875 1110 In
1901 1065 2175 1110 animalculo
2196 1080 2330 1124 aqua·

277 1125 368 1168 tico
399 1124 558 1169 arteria
587 1139 754 1184 magna
788 1124 967 1170 duobus
1003 1124 1210 1171 tribusve
1230 1127 1405 1174 tubulis
1442 1127 1509 1174 fit.
1591 1127 1710 1174 Vasa
1741 1144 1841 1188 quae
1874 1127 2064 1174 tracheae
2096 1127 2326 1174 videntur.

256 1187 332 1234 ‘In
357 1202 473 1246 equo
500 1184 613 1247 saepe
640 1186 821 1247 sanguis
847 1189 999 1248 piceus
1029 1191 1070 1235 <Sc
1091 1189 1220 1250 niger
1245 1190 1298 1235 de
1319 1207 1435 1237 vena
1462 1191 1600 1238 incisa
1625 1192 1738 1239 fluit.

405 1269 460 1314 In
489 1270 645 1315 Berlin.
676 1271 933 1331 Sammlung.
960 1271 1136 1317 T.V11.
1182 1271 1366 1319 Femina
1398 1290 1536 1334 prope
1574 1273 1799 1335 Rothwyl
1838 1276 1878 1321 &
1923 1274 2036 1321 cibis
2070 1274 2295 1322 abstinens
2315 1309 2328 1329 ,

279 1333 322 1379 ἃ
347 1344 486 1393 potu,
516 1335 555 1378 &
582 1333 778 1393 denique
802 1346 949 1380 motu.

404 1415 459 1461 In
479 1415 601 1461 Med.
623 1419 775 1462 Comm.
797 1415 852 1461 T.
869 1415 949 1462 111.
994 1417 1049 1463 G.
1070 1418 1299 1465 HEWSON
1330 1418 1383 1464 de
1401 1419 1599 1479 globulis
1625 1418 1904 1482 sanguineis,
1924 1419 2016 1467 fere
2041 1433 2094 1467 ut
2118 1421 2167 1467 in
2192 1412 2330 1468 Tran-

266 1477 541 1539 safflonihus.
629 1480 803 1525 Dentes
845 1481 924 1539 qui
962 1478 1250 1543 sexagenario
1285 1496 1562 1544 eruperunt,
1603 1485 1682 1544 qui
1720 1501 1846 1532 nunc
1879 1486 2138 1531 centenario
2173 1486 2326 1545 proxi-

275 1559 377 1590 mus
399 1541 608 1603 superest.

406 1625 463 1686 In
486 1629 645 1680 Journ.
672 1624 743 1671 des
770 1630 870 1674 Sat).
898 1639 1030 1685 1775.
1051 1628 1163 1688 Maj.
1194 1627 1413 1688 repetitur
1433 1629 1671 1678 ROFREDI
1712 1627 1802 1677 diss.
1835 1629 1888 1676 de
1926 1631 2139 1692 anguillis
2170 1630 2333 1677 micro-

275 1685 479 1749 scopicis.
667 1743 669 1746 ¹

407 1771 462 1818 In
487 1768 596 1818 Phil.
628 1773 779 1832 Trans?
808 1772 949 1820 LXV.
973 1773 1072 1820 P.1.
1106 1775 1146 1835 J.
1178 1775 1482 1822 HAYGARTH
1520 1775 1573 1822 de
1600 1775 1859 1823 salubritate
1897 1777 2010 1824 aeris
2045 1774 2328 1828 Cestriensis‚

276 1834 327 1882 in
352 1852 469 1896 quo,
506 1835 555 1881 in
589 1837 780 1896 quadam
813 1836 1051 1896 parochia,
1090 1855 1183 1884 non
1215 1837 1345 1899 supra
1377 1840 1423 1904 3¹3
1449 1841 1618 1887 civium
1655 1840 1871 1891 exstinffia
1893 1841 1970 1895 fit,
2015 1843 2056 1888 ἃ
2089 1843 2135 1905 3¹?
2159 1842 2329 1887 civium

277 1899 333 1946 ad
361 1912 420 1958 50
443 1915 615 1946 annum
641 1898 858 1961 superstes
885 1902 1023 1948 vivat.

406 1981 460 2027 In
486 1981 658 2042 Miscell.
690 1986 869 2029 Taurin.
892 1984 948 2030 T.
965 1984 1022 2030 V.
1055 1985 1218 2031 Comes
1245 1985 1516 2034 MOUROUX
1552 1987 1602 2035 in
1636 1986 1940 2047 pulcherrima
1966 1985 2057 2034 diff.
2091 1987 2143 2033 de
2171 1986 2331 2033 colori-

275 2044 363 2091 bus
391 2046 714 2105 vegetabilium
745 2047 798 2092 de
823 2046 1040 2108 sanguine
1069 2049 1202 2094 etiam
1228 2050 1345 2109 agit,
1386 2051 1517 2112 cujus
1546 2050 1689 2097 rubor
1717 2068 1741 2098 a
1765 2050 1884 2098 ferro
1910 2051 1996 2106 fit,
2032 2064 2086 2098 ut
2115 2053 2213 2098 calx
2234 2050 2330 2097 san-

277 2109 431 2169 guinis
455 2110 588 2154 etiam
616 2110 786 2156 vitrum
816 2112 955 2157 rubro
983 2114 1132 2158 colore
1162 2114 1322 2174 tingat.

402 2193 556 2237 Societ.
586 2191 767 2238 Aledicae
792 2193 1049 2252 Havnienfis
1081 2195 1334 2242 Colleezanea
1361 2195 1523 2244 Volum.
1546 2197 1606 2243 ΙΙ.
1652 2194 1791 2244 Hafn.
1815 2208 1950 2254 1775.
1977 2195 2055 2250 8-.*
2127 2195 2192 2243 Ad
2228 2212 2332 2242 ana-

276 2265 433 2300 somen
459 2253 555 2301 haec
581 2253 770 2302 faciunt.
858 2257 1049 2318 Capsula
1092 2260 1226 2306 lentis
1263 2259 1530 2319 crystallinae
1571 2261 1773 2307 anterius
1812 2262 2032 2320 pellucida
2055 2295 2067 2314 ‚
2096 2261 2331 2320 ‘posterius

278 2333 416 2376 opaca
443 2319 485 2364 &
512 2319 743 2377 particulis
770 2318 895 2367 osseis
926 2320 1143 2381 adspersa.
1211 2324 1360 2371 TODE
1386 2324 1439 2370 de
1459 2324 1632 2385 pupilla
1658 2322 1865 2370 deformi.
1944 2326 2191 2378 Animalia,
2229 2342 2332 2385 quae

276 2382 393 2427 ictus
422 2382 655 2429 eled’tricus
681 2383 816 2441 capiti
835 2384 1035 2431 inflictus
1062 2385 1303 2445 prostravit
1324 2422 1339 2441 ‚
1376 2405 1424 2434 ea
1444 2389 1533 2434 alio
1568 2391 1662 2435 istu
1693 2388 1843 2435 sterno
1873 2388 2071 2448 percusso
2108 2390 2162 2435 ad
2195 2387 2238 2434 se
2264 2405 2331 2435 re-

277 2442 435 2491 deunt.
517 2445 630 2492 Calli
661 2444 823 2492 offium
853 2451 1132 2509 regeneratio
1155 2466 1208 2496 ex
1228 2449 1361 2497 succo
1387 2451 1519 2505 osseo,
1547 2455 1587 2498 ἃς
1610 2451 1700 2499 filis
1727 2453 1781 2499 de
1808 2451 1904 2513 ipso
1936 2452 2022 2499 offe
2049 2452 2331 2499 efflorescen-

275 2507 415 2554 tibus.
504 2509 714 2556 Nimium
738 2511 903 2556 callum
933 2512 1082 2560 noster
1111 2516 1307 2561 metuit:
1349 2517 1573 2577 ejusmodi
1601 2519 1738 2563 callus
1768 2515 1851 2570 fit,
1877 2516 2060 2577 quando
2086 2517 2198 2564 fines
2228 2515 2330 2562 offis

275 2567 408 2618 fraffl
440 2573 647 2634 longiore
675 2572 805 2620 hiatu
825 2572 1100 2634 separantur.
1182 2579 1382 2626 Sceletos
1410 2581 1566 2639 capitis
1594 2579 1699 2627 offei
1727 2579 1876 2629 fetus,
1916 2582 2008 2628 cuii
2035 2584 2160 2641 galea·
2188 2582 2330 2626 calva·
2376 2636 2379 2637 ⁷

275 2634 356 2681 riae
388 2634 523 2684 deest.
588 2637 709 2684 Fons
747 2636 966 2699 pulsatilis
988 2641 1175 2694 nullus,
1209 2644 1250 2688 ἃ
1278 2644 1464 2690 nimius.

885 2771 922 2821 §,
957 2767 1483 2819 MCCLXXXVII.
1544 2779 1546 2784 '
1585 2772 1706 2820 Itali.

410 2862 459 2915 J.
485 2856 704 2910 Dominici
727 2863 1020 2913 S‘ANTORINI
1045 2864 1344 2927 septemdecim
1377 2868 1555 2925 tabulae,
1592 2888 1698 2932 quas
1734 2886 1847 2917 nunc
1861 2873 2051 2932 primum
2078 2869 2170 2916 edit
2205 2882 2334 2930 atque

283 2922 499 2987 explicat,
546 2931 678 2988 iisque
713 2929 825 2976 alias
853 2928 983 2977 addit
1012 2929 1066 2977 de
1089 2931 1313 2991 strueJura
1345 2950 1629 2983 mammarum
1668 2931 1728 2992 &2⁹
1756 2934 1808 2982 de
1831 2938 1979 2983 tunica
2002 2938 2113 2997 testis
2139 2933 2338 3044 vagiyul}

1894 3002 1901 3007 “
1966 3006 1971 3011 ”
2144 3003 2318 3045 Μίωαε
