2531 3394
228 137 231 140 .
290 107 387 158 306
652 95 811 169 trs.
858 87 968 147 tx.
1016 72 1439 165 ANATOMEs‘
1485 61 1943 176 partemne.-

417 228 478 276 D.
508 228 566 277 G.
601 228 1044 279 Mussssnscnmmu
1084 239 1289 281 accurata
1323 241 1535 278 anatome
1578 229 1736 277 cameli
1768 217 1994 280 Bactriani
2025 232 2250 298 reperitur
2289 232 2344 284 in

291 295 450 343 Comm.
472 293 613 343 Acad.
632 299 807 357 Petrop.
834 296 890 343 T.
909 296 972 342 X.
1003 296 1109 340 anni
1132 305 1218 352 173
1228 301 1270 348 8.
1429 302 1435 309 ‘
1744 327 1746 330 »

719 423 765 482 §.
797 423 1263 473 DCCCCXCIX.
1306 404 1309 408 ⁵
1368 422 1616 484 Franciscus
1640 424 1904 479 B01ssnnx,

413 536 654 585 Gallorum
678 552 801 584 more
829 533 947 581 dixit
971 532 1014 582 se
1035 550 1061 582 a
1087 534 1198 581 villa
1221 534 1297 581 DE
1309 533 1579 583 SAuvAeEs.
1610 533 1831 583 Aletenfis
1847 570 1859 589 ‚
1893 532 2112 582 Profefl'or
2130 534 2343 598 Monspe-

283 599 464 655 ilenfis,
499 600 991 662 jatromathematicus‚
1030 600 1243 646 STAHLII
1267 596 1395 645 secstae
1424 601 1585 646 acriter
1609 599 1815 647 addictus
1833 634 1845 653 ,
1884 612 1938 646 ut
1962 611 2117 646 tamen
2147 601 2341 659 plerum-

281 681 375 725 que
396 667 569 713 mitiori
598 665 709 725 stylo
741 662 1018 710 adversarios
1049 660 1338 716 refutaverit,
1373 664 1486 710 olim
1508 665 1855 711 HAMBERGERI
1886 680 1965 725 per
1992 664 2164 710 multos
2195 679 2341 712 annos

285 730 474 777 amicus.
540 731 576 776 E
578 743 659 790 JUS
682 725 1038 774 numerofiffima
1060 725 1169 774 sunt
1192 727 1262 773 vel
1291 743 1426 788 opera
1454 729 1527 774 vel
1549 726 1779 788 opuscula.

414 812 536 873 Ejus
568 809 730 858 theoria
757 810 894 872 febris
935 807 1166 871 Monspel.
1187 814 1323 867 1738.
1363 819 1435 856 12.
1478 809 1675 869 Neapoli
1697 822 1834 868 1740.
1869 815 1912 864 8.
1979 809 2154 858 Gallice
2181 808 2343 857 excusa

286 892 392 924 cum
414 876 624 922 HALEsu
649 872 928 936 haemastatictk
965 875 1141 921 Genev.
1160 885 1296 932 1743.
1318 870 1401 931 4*
1464 872 1600 919 Vires
1639 874 1786 920 cordis
1816 874 2030 927 metitur,
2066 885 2201 935 negat
2222 873 2342 934 posse

277 956 309 987 ,a
330 940 479 986 nervis
504 937 612 992 effe,
652 955 848 999 quorum
873 940 1022 999 liquor
1044 935 1170 985 suam
1194 938 1470 984 celeritatem
1500 937 1554 982 ab
1585 935 1681 997 ipso
1710 937 1843 984 corde
1873 937 2060 992 habeat,
2098 940 2232 1000 longe
2257 938 2343 984 mi-

277 1018 440 1049 norem
454 1037 467 1057 ,
503 1019 637 1063 quam
656 1019 756 1062 quae
775 1003 1134 1050 contractionem
1153 1003 1301 1048 cordis
1323 1001 1570 1062 producere
1586 1003 1745 1047 valeat.
1815 1001 2009 1048 Ostendi
2027 1003 2152 1055 olim,
2185 1003 2254 1048 Cl.
2273 1004 2340 1049 vi-

277 1082 384 1113 rum
405 1069 613 1113 omittere
643 1069 761 1114 vires
791 1067 989 1121 stimuli,
1028 1068 1108 1127 qui
1134 1067 1183 1112 in
1210 1082 1399 1125 corpore
1428 1065 1611 1111 animali
1640 1078 1796 1112 motus
1823 1065 2036 1125 producit
2067 1068 2214 1112 multo
2246 1082 2340 1112 ma-

277 1130 425 1191 jores,
455 1147 590 1191 quam
615 1147 641 1177 a.
658 1131 859 1193 pondere
888 1135 930 1179 ὃς
952 1132 1191 1178 velocitate
1210 1130 1412 1189 corporis
1434 1128 1704 1175 stimulantis
1731 1128 1894 1189 speres.
1963 1131 2146 1176 Rectius
2172 1128 2341 1178 refutat

277 1193 502 1241 theoriam
527 1196 764 1249 BELLxNI,
798 1198 885 1256 qui
909 1195 1196 1242 velocitatem
1225 1191 1474 1252 sanguinis,
1506 1209 1583 1252 per
1607 1192 1833 1239 obstructa
1862 1191 1967 1239 vasa
2001 1210 2099 1239 non
2127 1193 2335 1248 fluentis,

276 1258 330 1305 in
357 1257 469 1305 vafis
496 1258 651 1306 liberis
676 1262 832 1321 augeri
866 1259 1060 1306 docebat
1089 1275 1143 1304 ex
1169 1255 1426 1304 neceffitate
1460 1255 1735 1303 mechanica.
1813 1256 1898 1304 Sed
1927 1257 2047 1302 idem
2080 1256 2341 1317 phaenome-

274 1337 420 1369 nona
438 1323 573 1369 corde
605 1323 757 1371 minus
783 1324 961 1384 depleto
986 1322 1178 1385 pendet,
1212 1320 1321 1367 hinc
1347 1321 1493 1366 acrius
1518 1319 1776 1373 stimulato,
1815 1322 1856 1366 &
1880 1321 2063 1380 perinde
2089 1322 2339 1371 violentius

274 1386 328 1433 'in
351 1386 576 1434 obstructa
598 1386 702 1434 vasa
719 1386 997 1449 insurgente.
1067 1387 1154 1434 His
1169 1402 1279 1433 vero
1299 1396 1380 1432 aut
1402 1385 1648 1446 ignoratis,
1676 1396 1756 1431 aut
1780 1385 1972 1446 rejectis,
2001 1383 2118 1432 nihil
2137 1383 2335 1447 superest

274 1449 457 1505 nostre,
499 1450 584 1498 nisi
617 1452 673 1498 ad
700 1454 902 1499 animam
937 1449 1197 1512 confugere.

403 1534 480 1595 EJ.
534 1532 718 1582 Theoria
750 1535 1091 1598 inflammationis
1126 1534 1279 1594 Bourg
1310 1532 1351 1580 S.
1375 1530 1552 1578 Audeo]
1586 1542 1720 1591 1743.
1756 1530 1860 1579 12*
1895 1532 1938 1578 &
1967 1529 2061 1592 ipsa
2089 1530 2245 1580 recusa
2274 1532 2337 1581 est

274 1613 379 1646 cum
405 1595 612 1660 Stephani
630 1601 798 1647 HALES
821 1598 1105 1661 haemastaticis
1144 1599 1315 1644 Genev.
1342 1607 1477 1655 1743.
1502 1597 1581 1654 4*
1645 1597 1817 1642 Iterum
1849 1596 2212 1644 BELLINIANAM
2237 1596 2338 1645 san-

273 1662 428 1723 guinis
458 1662 514 1708 ab
543 1662 904 1711 inflammatione
934 1662 1303 1710 accelerationem
1332 1659 1514 1707 refutat.
1583 1659 1906 1720 Experimenta
1918 1658 2117 1707 recenset
2138 1659 2253 1707 faCta
2278 1662 2335 1709 ad

273 1726 625 1787 computandam
655 1728 775 1788 ignis
803 1728 853 1775 in
879 1725 1027 1773 serum
1062 1724 1295 1786 sanguinis
1328 1721 1587 1771 efficaciam.
1670 1721 1831 1770 Pulsus
1866 1722 2043 1770 theoria
2055 1742 2069 1777 3
2107 1724 2333 1773 dilatatio-

273 1805 379 1836 nem
402 1791 575 1836 arteriae
602 1791 656 1837 ab
679 1790 874 1852 impulso
901 1790 1120 1852 sanguine
1144 1789 1252 1836 facit
1276 1789 1568 1849 perexiguam
1586 1822 1598 1841 ,
1631 1788 1755 1848 quod
1787 1803 1885 1833 non
1921 1785 2165 1847 respondet
2198 1805 2332 1850 expe.

273 1855 471 1900 rimento
501 1854 551 1900 in
579 1855 688 1901 vivo
712 1858 905 1903 animale
924 1868 1069 1915 capto.
1139 1855 1209 1902 Sic
1236 1854 1409 1914 reliqua
1433 1851 1735 1912 symptomata
1760 1851 2132 1899 inflammationis
2155 1853 2334 1901 mecha-

274 1918 376 1964 nice
403 1919 742 1978 interpretatur.
807 1920 995 1966 Febrem
1017 1917 1099 1965 effe
1126 1920 1352 1979 optimum
1375 1916 1628 1963 remedium
1656 1915 1994 1962 obstruelionis.
2063 1918 2175 1964 Non
2201 1934 2226 1964 a
2259 1918 2336 1964 sti-

274 1983 401 2027 mulo
429 1998 504 2028 cor
529 1984 779 2030 accelerari.
848 1983 1109 2030 Aestimatio
1135 1980 1371 2043 preffionis
1397 1981 1607 2028 lateralis.
1679 1979 1943 2026 Obstructio
1964 1980 2058 2026 vim
2078 1980 2226 2028 cordis
2250 1983 2336 2028 rniss

271 2046 402 2098 nuit,
442 2047 486 2091 &
511 2048 784 2095 celeritatem
810 2048 861 2095 in
888 2058 1072 2095 trunco.
1137 2046 1207 2095 Ex
1233 2056 1401 2093 trunco
1434 2047 1477 2093 ἃ
1509 2061 1565 2092 ex
1595 2043 1730 2092 ramis
1763 2043 1965 2091 eamdem
1996 2041 2230 2107 sanguinis
2258 2060 2335 2094 co-

272 2123 394 2175 piam
421 2125 555 2157 exne.

405 2190 583 2251 EJusD.
621 2195 766 2241 Somni
790 2192 954 2242 theoria
987 2190 1213 2254 Monspel.
1237 2203 1372 2251 1740.
1401 2188 1486 2251 4*

397 2273 573 2334 EJUSD.
608 2272 717 2336 Dtff
748 2279 793 2323 in
821 2293 906 2338 qua
934 2276 1120 2339 vulgatae
1145 2275 1198 2323 de
1206 2274 1403 2338 febrium
1425 2271 1553 2333 caulis
1578 2269 1814 2337 hypotheses
1842 2275 2030 2320 examini
2037 2271 2332 2335 snbjiciuntur

263 2334 498 2398 Monspel.
525 2347 662 2397 1740.
688 2341 766 2397 4.*

398 2419 572 2479 EJnsn.
610 2423 816 2467 Mutuum
846 2421 1047 2469 vitalium
1075 2420 1200 2482 caufiz
1229 2419 1455 2482 Monspel.
1487 2432 1621 2480 1741.
1649 2418 1734 2480 4.*
1798 2420 1996 2476 Eadem,
2032 2437 2135 2482 quae
2155 2422 2197 2470 &
2222 2421 2331 2470 alibi

266 2497 354 2546 pro
388 2483 564 2544 origine
591 2499 750 2530 eorum
776 2497 989 2532 motuum
1016 2486 1070 2532 ab
1097 2487 1248 2533 anima
1277 2497 1558 2547 argumenta.

398 2565 571 2626 EJUSD.
609 2564 919 2612 Adnotationes
942 2566 1000 2613 ad
1028 2566 1304 2628 haemastatica
1333 2564 1534 2629 Stephani
1558 2568 1726 2614 HALES
1760 2567 1990 2621 Genevae,
2026 2578 2080 2614 ut
2101 2565 2220 2618 dixi,
2252 2581 2329 2614 ex-

263 2626 375 2678 cusa
400 2629 575 2676 Gallice
598 2640 733 2687 1743.
760 2628 843 2687 4*
909 2630 1062 2676 Italice
1088 2643 1294 2678 vertente
1311 2632 1480 2693 Angela
1512 2634 1890 2678 elssnmcnsstu.
1958 2631 2126 2678 Κειιιι
2143 2663 2155 2682 ,
2189 2630 2329 2691 Jum-

269 2707 346 2747 m,
376 2694 585 2740 HALEsu
611 2694 806 2739 calculos
823 2694 1061 2746 conciliat,
1098 2695 1263 2754 quibus
1284 2694 1335 2742 hi
1359 2695 1446 2743 viri
1474 2695 1725 2755 potentiam
1750 2693 1899 2741 cordis
1925 2696 2200 2753 exprimunt.
2250 2695 2330 2741 Ar-

270 2758 485 2803 teriarum
506 2757 840 2804 contractiones
865 2756 920 2803 ad
941 2758 1099 2803 tertias
1121 2758 1312 2804 reducit.
1380 2757 1670 2804 Adhzefiones
1686 2757 1940 2804 humorum
1962 2757 2226 2803 animalium
2248 2773 2329 2818 pet

268 2822 634 2879 experimentum
661 2821 863 2868 metitur.
928 2821 1176 2868 FERRENH
1203 2820 1257 2867 de
1281 2819 1396 2867 vasis
1425 2823 1697 2880 pulmonum
1722 2818 1996 2882 'hypothesin
2023 2818 2218 2874 refutat3
2254 2839 2331 2869 ve-

269 2898 356 2931 nas
392 2884 441 2928 in
472 2885 622 2931 vitulo
654 2895 782 2945 putat
808 2882 888 2932 effe
915 2882 1188 2932 valvulosas.
1257 2887 1445 2931 Asteriae
1468 2885 1781 2932 dilatationem
1813 2896 2072 2943 computat,
2110 2902 2243 2945 quam
2266 2883 2330 2933 fa-

266 2947 357 2998 asse
382 2946 532 2997 credas
569 2960 706 2998 aortae
731 2949 988 2999 dilatationi
1013 2949 1237 3010 aequalem
1254 2945 1342 2998 effe
1358 2966 1374 3002 3
1415 2963 1523 2998 nam
1557 2951 1599 2997 &
1632 2949 1788 2997 dexter
1817 2948 2099 2998 ventriculus
2136 2949 2330 3061 debilipr

2233 3031 2256 3062 e
2275 3053 2277 3057 ·
2307 3047 2325 3069 υ
