2531 3394
829 88 1323 136 ADDENDA
1399 91 1664 140 ToMil.

193 219 281 269 cis,
316 215 369 262 de
391 213 629 262 harmonia
657 215 965 276 praestabilita,
1005 216 1058 262 de
1090 216 1182 263 via-

192 282 307 326 &iva
339 295 610 340 corporum,
649 281 704 326 de
736 284 912 333 anima,
945 281 1003 326 de
1033 282 1181 326 anima

188 343 444 389 brutorum.
530 343 771 404 Epistolam
814 345 869 390 ad
909 345 1180 390 BOURGUE-

135 435 141 441 ·
193 420 310 454 TUM
331 431 392 439 -—-
419 423 498 466 pro
525 408 789 454 evolutione
812 406 1018 466 scriptam
1039 408 1077 452 ἃ
1097 422 1179 465 pro

188 468 515 529 praeexistentia
549 487 790 531 corporum
821 471 1138 529 organicorum
1163 503 1175 522 ‚

189 550 362 593 proque
384 534 641 580 vermiculis
666 536 1178 581 LEEUWENHOECKIA‘-

190 611 289 643 Nxs.
347 598 417 643 De
436 595 681 643 secretione
702 598 883 643 animali
910 597 964 641 ad
983 598 1178 643 Micssss-

190 673 438 713 LOTTUM,
475 677 608 720 quam
633 660 825 719 explicat
846 675 921 719 per
946 676 1079 719 poros
1097 661 1178 705 rni-

187 740 322 771 nores
348 757 361 776 ‚
409 724 488 783 qui
526 723 717 783 majores
749 724 991 783 particulas
1027 724 1176 770 exclu-

188 788 312 834 dant.
380 786 558 833 Deinde
584 786 773 832 fluidum
801 786 1028 832 clasticum
1056 788 1176 832 inter

187 850 325 897 fluida
352 866 447 895 non
469 849 642 895 elastica
666 850 976 910 compreffum,
1001 853 1176 895 exitum

184 914 424 959 inveniens
453 914 493 958 δε
520 929 758 973 crumpens
785 914 1025 973 proponit,
1070 929 1174 959 cum

186 977 385 1022 fluidum
407 976 601 1023 vali-alius
629 990 756 1023 exeat
783 993 860 1036 per
885 988 1141 1036 tangent-em
1160 1010 1172 1027 ‚

185 1040 376 1087 debilius
397 1051 576 1085 maneat
591 1040 638 1085 in
663 1053 787 1100 parte
806 1055 1016 1085 concava.
1060 1040 1172 1085 Glu-

183 1102 384 1150 tinosum
413 1105 653 1163 parietibus
689 1101 898 1149 vasorum
933 1102 1131 1148 adhaeret
1160 1136 1171 1154 ‚

185 1167 384 1213 medium
419 1178 570 1219 tenet,
604 1166 729 1226 quod
762 1164 1059 1211 retardationi
1091 1166 1175 1211 mi-

184 1247 271 1278 nus
296 1229 646 1276 obnoxium‘est.
713 1230 913 1275 Demum
941 1228 1031 1275 huc
1061 1227 1173 1275 face-

180 1311 229 1341 re
263 1305 391 1353 putat
425 1292 747 1345 adn-actionem
771 1294 1093 1353 particularum
1123 1291 1172 1338 si-

180 1359 371 1403 milium.
461 1357 709 1417 Capreolus
755 1357 943 1418 prolixis
980 1357 1168 1418 capillis.

182 1421 320 1468 Canis
344 1421 550 1481 loquens.

243 1520 287 1564 p.
304 1508 399 1562 656
435 1499 480 1563 §.
507 1515 593 1560 591
622 1503 651 1549 l.
670 1508 699 1549 6
725 1501 805 1550 fin.
829 1502 882 1550 de
910 1504 1105 1552 Lomen-

447 1581 560 1614 zml
593 1567 748 1615 libello
784 1568 896 1614 adde

211 1648 323 1694 Non
344 1646 425 1694 effe
448 1648 599 1701 an,
626 1650 700 1695 cui
723 1649 782 1695 ob
802 1650 1070 1709 elegantiam
1090 1650 1168 1697 ali-

180 1712 260 1772 qui
286 1712 558 1758 tribuerint.
586 1713 818 1760 meom
844 1714 928 1766 ΙΙΙ.
956 1725 1065 1772 251.

286 1827 328 1872 p.
349 1815 443 1857 660
476 1813 545 1859 l.2
581 1810 660 1859 fin.
681 1846 695 1866 ,
730 1811 843 1859 adde
867 1819 908 1866 8.
932 1814 1054 1867 ΒΗΚ,

318 1891 401 1939 sub
428 1890 473 1947 ἕ.
501 1893 597 1953 post
625 1896 865 1942 SPON1UM
896 1893 1010 1940 adde

224 1974 454 2034 Francesco
484 1976 724 2022 MORILLO
740 2009 753 2028 ,
792 1973 1132 2024 Barcinonensis
1151 2012 1165 2030 ,

175 2038 424 2084 medicinale
440 2043 730 2099 patrocinium
754 2043 799 2084 in
825 2039 1046 2100 sanguinis
1081 2045 1163 2087 cir-

175 2103 429 2148 culationem
462 2103 657 2161 Neapoli
679 2109 812 2161 1678.
839 2104 890 2150 C.
909 2105 950 2149 d.
969 2104 1023 2150 V.

240 2181 321 2229 sub
350 2183 391 2240 ς.
425 2181 783 2245 an-oplwlacinm
807 2185 904 2231 dele
928 2182 1101 2232 MALE-

445 2261 681 2295 BRANCHE
717 2250 758 2294 Sc
779 2247 891 2295 adde

223 2328 264 2389 J
290 2329 541 2383 HENNING
570 2327 818 2391 trichologia
845 2329 885 2388 s
917 2329 968 2377 de
1005 2333 1164 2394 capillis

173 2405 365 2438 veterum
401 2394 642 2439 colledanea
681 2391 898 2454 historico.
912 2393 1163 2459 philologica

176 2455 293 2516 Lips.
315 2463 451 2514 1678.
478 2467 546 2502 12.
573 2457 666 2502 Ta.

335 2554 374 2597 p.
397 2543 485 2583 661
520 2539 547 2583 l.
581 2539 752 2596 penult.
781 2537 862 2586 fin.
894 2539 1005 2585 adde

175 2602 468 2649 Calculorum
498 2604 712 2662 exempla.
854 2665 861 2671 ι

187 2706 250 2763 p.
267 2705 361 2748 666
393 2699 475 2748 sub
503 2702 530 2748 l.
552 2707 577 2755 8
615 2699 746 2762 supra
772 2700 976 2772 infimam
999 2704 1126 2753 adde.

203 2784 246 2844 J.
261 2785 637 2831 Ginai-:mmor
651 2781 960 2844 diffirtcztiones
975 2785 1027 2831 de
1036 2792 1163 2848 prin..

173 2851 277 2908 cipis
302 2847 537 2906 intrinsecis
562 2864 707 2893 rerum
725 2860 1024 2909 corporearum
1042 2850 1100 2907 {³55
1110 2853 1162 2898 de

174 2916 407 2973 cognitione
416 2912 644 2961 brutorum
655 2911 786 2961 Paris.
797 2919 932 2974 1679.
952 2925 1021 2962 12.
1039 2917 1159 2965 BUR-

2149 106 2212 156 76
2219 112 2238 157 5

1386 234 1426 279 p.
1454 225 1548 278 657
1583 221 1610 266 l.
1627 234 1667 279 4·
1692 222 1770 269 inf.
1805 225 1882 272 fin.
1915 226 2013 274 add.
2051 227 2106 274 ad

1579 286 1898 336 SCHMUCKEJN

1255 343 1555 392 Continuatio
1581 349 1660 395 ΠΙ,
1697 351 1786 396 TR.
1827 361 1959 406 1682.
1988 367 2032 412 4.

1568 427 1649 475 sub
1684 432 1709 476 l.
1736 444 1790 477 10
1825 434 1934 478 adde

1295 493 1394 537 Sim.
1410 492 1598 539 DOURY
1612 505 1696 554 pro
1709 495 1858 553 laureo
1872 498 2077 558 ApoHinis
2097 504 2134 546 E
2162 517 2237 545 ana

1250 559 1378 613 tiqnis
1397 556 1617 616 simguinis
1644 558 1866 605 circulatio
1897 567 2064 621 cognita
2100 566 2238 609 Mon-

1249 615 1348 676 spel.
1377 626 1506 675 1679.
1529 628 1610 678 ιμ’ι

1280 717 1306 762 l.
1329 731 1357 774 7
1386 716 1478 779 sup.
1498 719 1703 766 infimam
1728 721 1783 767 ad
1807 722 2073 785 KLleUM
2101 727 2200 770 add.

1565 795 1634 829 12.
1666 784 1789 831 Leid.
1826 786 1918 832 TR-

1380 859 1459 908 sub
1489 865 1514 909 l·.
1533 877 1563 920 <5
1602 864 1731 925 supra
1756 865 1969 914 infimam
1983 867 2095 913 adde

1296 943 1504 989 Gnilielnzi
1518 946 1561 990 N
1567 959 1746 994 UssLER
1772 947 1824 993 de
1849 953 1992 995 anima
2009 950 2233 996 brutorum

1226 1001 1516 1067 'W'itteberg
1536 1015 1666 1062 1680.
1692 1023 1738 1067 4.

1430 1104 1470 1146 p.
1493 1095 1582 1146 672
1622 1092 1646 1135 l.
1678 1105 1689 1135 1
1728 1090 1806 1138 fin.
1837 1072 1891 1139 nd
1914 1094 2051 1154 JENS.

1294 1154 1380 1201 Pro
1414 1158 1534 1215 poris
1570 1158 1722 1205 velicae
1760 1159 2109 1211 resorbentibus.
2178 1166 2235 1211 In

1246 1217 1428 1266 officina
1453 1222 1654 1280 lapicidae
1690 1222 1877 1270 vesicam
1907 1226 2019 1272 bene
2040 1225 2235 1274 clausam

1242 1294 1396 1330 tamen
1418 1283 1572 1331 sabulo
1597 1288 1773 1347 repleri·

1285 1365 1360 1425 EJ.
1407 1371 1666 1430 tyrocinium
1701 1368 1907 1416 medicum
1941 1370 2002 1418 ad
2027 1370 2231 1433 physiolo—

1236 1433 1355 1491 giam
1383 1428 1440 1485 ἓξ
1456 1429 1747 1493 pathologiam
1790 1434 1932 1496 Haag.
1955 1440 2089 1494 1697.
2126 1435 2234 1485 12.*

1244 1493 1440 1553 Syllema
1471 1497 1658 1543 SYLVII.

1585 1594 1625 1638 p.
1643 1582 1731 1636 673
1761 1578 1874 1625 adde

1288 1644 1534 1687 Oeconomia
1570 1643 1766 1687 animalis
1799 1643 2071 1697 BONTEKQI
2119 1647 2230 1693 Geta

1242 1705 1416 1751 'manice
1446 1703 1571 1751 versa
1596 1706 1767 1765 prodiit
1786 1741 1798 1760 ,
1846 1709 1988 1756 Brem.
2024 1716 2153 1766 1692.
2184 1717 2226 1765 8.

1241 1769 1468 1815 HANSEN.

1337 1867 1379 1910 p.
1399 1857 1497 1907 677
1529 1848 1611 1897 sub
1637 1852 1665 1897 l.
1690 1853 1772 1898 ult.
1808 1851 1913 1912 §phi
1938 1861 2045 1901 616.
2075 1854 2131 1902 ad

1454 1930 1587 1974 opera
1609 1916 1658 1962 L.
1681 1917 1872 1964 Tozzn
1899 1917 2013 1975 adde

1280 1996 1428 2042 Prima
1444 1995 1747 2057 physiologica
1770 1996 1845 2045 est.
1914 2001 2066 2048 Brevis
2091 2000 2228 2049 histo-

1236 2060 1301 2106 ria
1315 2062 1592 2107 evolutionis
1607 2063 1852 2122 primarum
1865 2061 2080 2111 horarum
2092 2064 2226 2113 fetus.

1281 2143 1335 2187 In
1363 2147 1670 2189 commentariis
1699 2143 1760 2190 ad
1788 2143 2043 2205 aphorzfinos
2075 2148 2227 2208 aliqua

1240 2208 1281 2251 ὃς
1316 2206 1369 2251 de
1398 2207 1452 2252 iis
1473 2240 1485 2258 ‚
1515 2207 1595 2266 qui
1618 2220 1732 2266 potu
1753 2208 1988 2255 abstinent.
2028 2211 2222 2264 Marem.

1239 2272 1281 2315 Sc
1308 2268 1522 2315 feminam
1552 2269 1802 2329 promiscue
1836 2272 1883 2319 in
1916 2273 2075 2320 dextro
2096 2277 2137 2321 &
2173 2277 2223 2321 in

1236 2332 1411 2380 finistro
1438 2334 1572 2380 latere
1602 2333 1775 2395 gestari.

1267 2416 1323 2461 In
1335 2416 1536 2462 GALENI
1552 2427 1689 2462 artent
1700 2429 1891 2478 parvam
1911 2417 2111 2472 adnotat,
2131 2437 2223 2466 ma-

1235 2480 1394 2525 teriam
1438 2478 1717 2526 morbificam
1765 2479 1876 2540 saepe
1913 2499 1990 2540 per
2035 2483 2221 2530 (ludium

1234 2543 1568 2602 pancreaticum
1602 2547 1641 2590 ἃ
1672 2544 1878 2590 hilarium
1905 2546 2085 2605 deponi.
2134 2547 2221 2592 Ad-

1235 2607 1289 2652 de
1322 2623 1370 2652 ea
1396 2623 1530 2667 opera
1560 2605 1719 2654 excusa
1745 2605 1825 2652 effe
1853 2610 1987 2656 etiam
2008 2609 2218 2657 Venetiis

1240 2677 1371 2729 1728.
1394 2670 1474 2730 4.*

1420 2784 1462 2828 p.
1482 2773 1573 2826 678
1608 2764 1691 2813 sub
1715 2768 1742 2814 l.
1769 2773 1794 2822 8
1824 2768 1906 2816 inf.
1931 2770 2045 2818 adde

1273 2851 1330 2898 In
1343 2850 1453 2911 Ejus
1469 2861 1643 2896 mortem
1652 2862 1931 2914 programma
1947 2857 2068 2902 Petri
2081 2854 2163 2903 ΗΟ
2170 2869 2219 2902 1.-

1232 2930 1317 2965 mu
1342 2914 1392 2962 in
1413 2915 1458 2961 Β.
1479 2911 1611 2964 Bern.

2059 3001 2102 3047 12·
2127 2989 2219 3044 679
