2531 3394
508 53 588 63 κ

576 60 614 152 ςζ
655 103 793 147 1060.
828 123 892 133 -
930 106 1066 156 1063.
1135 74 1647 146 MONTAIGNAT.
1713 100 1877 150 AL11.
2152 108 2240 160 389

184 193 352 244 sonaffe
367 196 625 257 ligamenta,
661 213 858 258 quorum
878 197 1063 244 dimidia
1085 207 1265 243 tantum
1290 210 1390 256 pars
1412 193 1549 240 libera
1569 193 1686 242 effet.
1753 199 1919 245 Avium
1932 201 2240 265 cartilaginem

187 259 454 322 glottideam
482 261 644 321 utique
666 273 871 309 tremere.

309 341 386 402 EJ.
425 345 572 389 Lettre
601 346 708 390 AM.
726 345 925 392 BERTlN
950 339 1239 402 ausujetd’un
1251 339 1873 403 nouveaugenredevaiffi’aux
1884 343 2111 394 decouvert
2130 347 2237 394 dans

185 403 224 451 le
251 419 373 467 corps
393 403 569 453 humain
597 408 719 454 Paris
744 414 876 467 1748.
901 405 980 460 8.*
1047 407 1258 452 Omnino
1294 404 1594 456 FERRENJUM
1619 421 1740 452 nova
1761 405 1861 453 vasa
1886 424 2011 454 uveae
2035 411 2238 472 lympha-

185 468 275 514 tica
299 470 496 530 primum
523 471 769 518 ostendiss'e.
818 471 902 518 Sed
925 469 1123 516 videram
1154 470 1196 515 &
1219 466 1547 528 descripseram,
1578 485 1680 515 cum
1707 487 1777 516 me
1798 471 1867 517 CI.
1892 473 2235 522 MONTAGNAT·

183 543 338 580 tamen
374 551 455 594 pro
491 534 599 581 teste
632 535 852 596 producat
880 550 904 580 a
937 534 1121 580 nemine
1157 531 1240 579 esse·
1272 530 1389 585 visa,
1434 534 1476 579 &
1512 534 1843 595 quinquaginta
1871 549 1976 582 ante
2004 553 2073 582 mc
2107 540 2232 584 annis

183 596 474 645 RUYSCHHJS
502 599 690 652 viderat,
722 601 764 645 ἃ
794 599 1013 651 RAVIUS,
1042 597 1148 644 inde
1177 600 1397 644 ALBINUS
1481 599 1565 644 Sed
1589 614 1737 658 neque
1760 601 1925 645 anulus
1952 612 2032 647 aut
2047 615 2140 646 rete
2166 613 2236 647 tu-

183 661 298 708 nicae
320 660 591 709 chorioideae
603 663 849 710 FERRENH
875 662 936 708 est
949 663 1204 708 inventum.
1276 661 1387 708 Inde
1399 663 1468 710 Cl.
1485 663 1552 708 M.
1575 660 1677 708 sein
1690 663 1970 711 Bssarmum
1984 666 2236 716 convertit;
2296 670 2302 683 '

184 740 306 771 nova
333 726 430 786 ejus
448 723 680 773 cornicula
704 739 850 786 partes
881 724 963 773 effe
986 727 1048 772 ait
1068 724 1170 772 offis
1188 723 1484 785 sphenoidei3
1531 723 1631 772 vasa
1658 727 1931 787 lymphatica
1965 729 2194 788 pulmonis
2218 748 2240 775 a

182 788 447 838 FERREMO
476 788 557 837 effe
584 789 755 837 detecta
783 791 866 836 διο.
936 790 1119 850 Ubique
1148 790 1259 835 mira
1291 790 1540 835 acrimonia
1568 791 1615 835 in
1649 807 1700 836 eo
1730 789 1894 852 scripto
1929 792 2203 840 dominatur.

313 873 540 919 Caeterum
568 888 738 919 nomen
762 869 842 917 effe
868 873 1237 921 MONTAGNA'H
1255 906 1268 925 ‚
1307 888 1421 932 opus
1445 873 1693 919 Famem
1718 873 2024 921 Possmmcs.

310 955 577 1017 Supplement
603 956 627 999 ἁ
657 954 700 1000 la
720 954 847 1000 lettre
864 953 1116 1015 precedente
1141 953 1223 1012 fitr
1247 954 1304 1000 les
1323 951 1544 1015 vafflaux
1567 952 1889 1016 hviitplmtiques.

310 1036 430 1096 Isaac
450 1038 654 1083 BELLOT
671 1069 683 1089 ‚
715 1036 923 1082 Medicus
935 1033 1277 1096 Burdigaleiisis,
1307 1051 1565 1096 anonymus
1589 1036 1730 1082 edidit
1749 1037 1983 1097 lettresjiw
2000 1040 2038 1085 le
2055 1045 2239 1101 pouv02‘2·

182 1102 234 1149 de
259 1102 574 1163 l'imagination
592 1100 663 1146 des
672 1100 849 1161 femmes
871 1099 1026 1161 groffies
1061 1100 1181 1146 Paris
1206 1107 1338 1158 174'5.
1366 1111 1435 1145 12.
1461 1101 1579 1146 BUR.
1651 1102 1836 1158 Anglice
1859 1102 1968 1149 vers.
1997 1108 2162 1150 Letters
2187 1122 2238 1151 on

181 1165 253 1212 the
269 1166 393 1228 force
418 1165 764 1225 ofimagination
794 1165 990 1210 London
1010 1170 1141 1222 1765.
1170 1171 1212 1217 8.
1254 1176 1388 1222 1772.
1412 1170 1454 1217 8.
1525 1165 1680 1210 Italice
1703 1166 1862 1211 Vener.
1897 1179 2030 1225 1751.
2062 1175 2101 1220 8.
2144 1185 2236 1214 ver—

181 1242 306 1277 tente
327 1232 375 1284 J.
399 1232 632 1275 Fortunato
651 1228 948 1275 BlANCHINI.
1017 1230 1372 1276 BLONDELLUM
1404 1230 1594 1274 nimium
1614 1230 1663 1275 in
1692 1246 1744 1274 eo
1768 1227 1917 1283 fuitse,
1957 1232 2077 1291 quod
2104 1231 2226 1279 histo-

178 1295 317 1340 nicam
341 1290 475 1338 fidem
512 1291 728 1338 omnibus
761 1294 976 1353 exemplis
996 1309 1113 1339 Vires
1139 1305 1353 1338 maternae
1383 1293 1726 1354 imaginationis
1749 1293 2130 1343 confirmantibus
2161 1314 2236 1343 ne·

181 1356 370 1419 gaverit.
457 1355 625 1403 Noster
652 1372 781 1416 parce
808 1369 1018 1403 anatome
1042 1354 1148 1403 usus
1166 1394 1175 1408 ,
1212 1358 1360 1403 multo
1395 1357 1581 1417 ingenio
1610 1356 1735 1403 suam
1761 1357 2030 1418 hypothesin
2065 1372 2235 1407 tuetur.

175 1423 217 1468 A
230 1421 468 1467 temerario
484 1431 613 1466 motu
630 1419 746 1466 nihil
761 1421 964 1482 organici
976 1419 1184 1468 fabricari
1200 1419 1319 1481 poise
1342 1439 1354 1473 3
1393 1421 1510 1467 nihil
1530 1438 1554 1467 a
1569 1422 1750 1468 cerebro
1771 1422 1826 1468 ad
1847 1424 1984 1469 ullam
2001 1422 2236 1471 definitam

177 1483 299 1533 fetus
321 1484 585 1546 particulam
612 1485 765 1530 venire
786 1503 798 1530 z
833 1484 1099 1545 sanguinem
1126 1485 1181 1531 ad
1205 1486 1374 1531 nullam
1403 1499 1575 1545 partem
1593 1484 1858 1547 singularem
1879 1488 1932 1533 C.
1947 1488 2007 1534 H.
2025 1487 2236 1542 adfluere,

180 1566 328 1610 neque
354 1550 584 1596 voluntati
610 1547 785 1609 subjici.
854 1549 986 1597 Nihil
1012 1550 1062 1596 in
1086 1550 1133 1596 vi
1157 1550 1498 1610 imaginationis
1522 1561 1737 1596 maternae
1769 1551 1861 1597 veri
1885 1549 1980 1604 effe,
2021 1550 2103 1598 nili
2132 1570 2233 1598 cona

179 1614 450 1661 tractionem
484 1611 809 1674 spasmodicam
846 1613 1105 1660 abdominis
1147 1613 1380 1667 materni,
1433 1616 1475 1661 δε
1508 1611 1774 1675 sanguinem.
1810 1615 1859 1662 in
1893 1615 2090 1676 aliquam
2118 1615 2234 1662 fetus·

178 1689 377 1741 partem,
420 1690 500 1724 aut
526 1678 663 1724 nimis
694 1694 822 1739 parce
838 1712 851 1731 ‚
887 1691 965 1724 aut
989 1679 1126 1725 nimis
1149 1677 1441 1725 vehementer
1466 1679 1717 1725 ineuntem.

311 1761 486 1806 Contra
512 1776 820 1819 anonymum,
858 1761 938 1820 qui
963 1761 1114 1821 aliqua
1143 1761 1193 1807 in
1224 1758 1313 1807 hoc
1341 1758 1508 1822 scripto
1546 1758 1790 1822 carpserat.
1832 1773 1984 1809 tuctur
2010 1759 2054 1809 se
2080 1757 2236 1811 auehi·

179 1824 230 1872 in
249 1828 409 1880 Journ.
441 1824 492 1871 de
517 1828 646 1872 Trev.
684 1830 820 1883 1746.
847 1829 972 1880 Jnin.

614 1957 960 2033 §.MLXIIL
1054 1958 1336 2006 LoasEcKE.
1405 1958 1795 2007 KRAZENSTEIN.

309 2057 355 2108 J.
370 2051 719 2102 Lud.Leberecht
732 2055 1018 2108 LoESECKE‚
1050 2055 1236 2109 Medici,
1268 2057 1348 2116 qui
1372 2057 1573 2103 Berolini
1594 2056 1750 2103 docuit
1765 2056 2005 2119 brevisque
2031 2056 2116 2106 fuit
2134 2062 2234 2113 aevi,

181 2117 242 2165 est
257 2117 347 2164 diff.
369 2118 420 2164 de
435 2130 551 2164 motu
563 2119 780 2179 sanguinis
803 2121 991 2179 intestino
1029 2117 1141 2178 Lips.
1169 2132 1298 2178 1745.
1316 2119 1398 2178 4*
1432 2122 1581 2180 Negat
1592 2118 1891 2180 repullionem
1912 2123 2204 2183 globulorum
2222 2142 2237 2177 ς.

181 2196 358 2230 motum
374 2182 640 2229 intestinum
652 2185 813 2242 repetit
829 2200 852 2229 a
873 2182 1128 2230 diversitate
1142 2184 1438 2243 prticularum
1456 2183 1656 2231 diversos
1673 2198 1822 2232 motus
1839 2184 2197 2248 suscipientium.

313 2265 348 2310 E
351 2279 372 2325 J
378 2300 387 2310 .
432 2264 754 2324 Observationes
768 2270 1002 2311 ancztomico
1016 2264 1252 2326 chirurgico
1265 2265 1557 2312 medicaenovae
1571 2264 1828 2322 &rariores
1845 2269 1989 2316 Bel-ol.
2011 2282 2093 2327 175
2100 2281 2143 2328 4.
2158 2267 2235 2329 4*

188 2327 253 2375 Ad
291 2331 548 2374 anatomica
574 2327 737 2374 referas
776 2346 941 2375 novam
983 2330 1348 2376 articulationem
1385 2330 1435 2375 in
1471 2328 1647 2389 scapula
1684 2344 1835 2378 natam
1856 2351 1868 2378 ε
1926 2334 2243 2380 membranam.

184 2393 385 2452 tympani
417 2391 641 2452 duplicem
665 2410 676 2437 :
722 2404 818 2438 tum
861 2394 914 2439 de
942 2392 1109 2440 chorda
1134 2396 1362 2454 tympani,
1399 2393 1577 2454 stapede
1602 2396 1646 2441 δι
1671 2393 1886 2443 musculis
1913 2399 2061 2444 mallei
2090 2396 2238 2457 fingu-

190 2458 302 2503 lares
334 2455 666 2501 adnotationes.
739 2458 925 2503 Arteriae
950 2459 1224 2516 pulmonalis
1251 2458 1301 2503 in
1322 2469 1496 2504 aortam
1511 2459 1817 2513 continuatiO,
1853 2478 1935 2521 pro
1959 2459 2129 2507 fabrica
2155 2461 2236 2507 mi-

184 2536 271 2566 nus
285 2521 467 2581 vulgata
480 2519 627 2572 datur,
656 2537 756 2580 quae
771 2520 831 2565 est
844 2519 1207 2567 constantissima.
1277 2522 1331 2567 In
1349 2522 1620 2571 animalibus
1634 2539 1657 2570 a
1669 2524 1811 2570 rubiae
1823 2523 1906 2572 usu
1919 2527 2050 2572 etiam
2066 2525 2237 2571 cartila-

185 2587 310 2646 gines
326 2619 338 2637 ‚
375 2600 578 2645 ungues,
612 2585 787 2643 plumas
812 2584 975 2631 tinelas
997 2582 1137 2631 fuiffc.
1205 2586 1473 2631 Germanice
1495 2587 1644 2634 Berlin
1674 2593 1808 2646 1761.
1831 2594 1872 2643 8.
1907 2594 2031 2637 Neue
2049 2588 2140 2636 und
2153 2587 2239 2648 sel-

183 2660 277 2695 tene
303 2646 611 2706 anatomische‚
638 2646 948 2710 chirurgische,
976 2647 1261 2708 medicinifi-he
1284 2646 1700 2713 lValn‘nelmzzmgen.

262 2765 263 2768 η
313 2729 433 2790 EJUS
468 2727 744 2792 Phyfiologie,
773 2730 876 2777 oder
897 2729 1033 2777 Lehre
1051 2747 1137 2777 von
1157 2730 1251 2777 dem
1269 2730 1481 2792 gefimden
1508 2732 1719 2794 Zustande
1738 2732 1808 2779 des
1821 2731 2116 2792 menschlichen
2133 2738 2239 2781 Ker-

181 2805 275 2853 pers
311 2794 471 2841 edente
501 2792 731 2856 Christiano
762 2792 963 2843 Gotthold
986 2795 1273 2842 SCHWENKE
1309 2794 1492 2842 Dresdae
1523 2799 1563 2843 &
1586 2795 1812 2843 Varsaviae
1836 2803 1969 2854 1762.
2003 2801 2078 2853 8.*
2119 2798 2237 2860 Phy-

187 2854 372 2916 siologia
396 2857 634 2918 posthuma
652 2860 797 2906 multa
816 2859 1025 2906 continet
1048 2858 1307 2905 nostrorum
1321 2857 1494 2906 similia.
1563 2861 2076 2911 LIEBERKUHNIANAM
2105 2861 2237 2909 sabri-

188 2933 284 2964 cam
303 2918 514 2968 vasorum
535 2920 779 2970 laCteorum
800 2923 1030 2985 proponit.
1099 2922 1263 2970 Cordis
1288 2934 1468 2969 motum
1493 2924 1743 2972 irritationi
1763 2924 1937 2974 tribuit.
2003 2927 2143 2974 vitiis
2169 2939 2239 2990 ty-

190 2982 475 3044 pographicis
499 2985 718 3036 abundat.
785 2985 960 3052 Recusa
983 2986 1044 3035 est
1066 2985 1273 3036 Dresden
1294 2993 1430 3047 1767.
1460 2993 1503 3043 8.

595 3072 602 3075 s
1176 3052 1214 3100 C
1236 3066 1259 3098 c
1292 3066 1316 3098 c
1352 3061 1376 3108 3
2033 3054 2238 3119 Christian
